1231 1931
439 110 595 130 SYNODALIA.

39 162 163 181 damnantur.
187 162 237 184 Quid
246 162 277 180 hic
285 162 363 181 rationis
372 163 442 181 invenit
451 169 500 181 seru⁴

39 187 94 203 tator
100 185 190 203 idoneus?
199 185 242 204 Non
248 186 264 203 si
269 186 309 203 suri
329 186 397 204 allidus
402 186 502 210 inquisitor

38 210 131 229 occurrat
139 208 159 226 iu
170 208 254 227 sensibus
263 211 329 227 vestris
338 209 436 227 latentium
445 215 501 227 vena-

38 237 84 249 rum
90 234 152 250 motus
159 232 247 255 inveniat,
251 233 271 249 et
277 232 354 250 insuetis
359 232 419 250 lucem
424 232 501 250 latebris

38 260 149 273 sermonum
155 255 214 273 fossor
220 255 313 273 admittat.
325 255 397 273 Idcirco
402 261 447 279 ergo
453 261 502 273 caua

38 278 135 299 miracula
143 283 181 295 non
189 277 297 301 probamus,
310 278 325 296 si
337 278 447 296 iuvenilibus
457 284 500 297 con-

38 306 118 319 sensum
127 306 165 318 non
173 300 283 324 praebemus
295 301 413 319 excessibus?
431 301 452 319 Si
463 307 500 319 ser-

38 329 87 341 vuni
97 323 180 346 domino,
191 324 300 347 discipulum
309 324 398 348 magistro
408 324 500 348 evangelii

40 352 134 365 memores
140 346 282 370 suhiungamus,
293 347 382 370 quicquid
391 347 453 370 potuit
459 353 500 371 pro-

40 370 98 387 desse
113 369 237 393 negligimus?
254 370 298 388 Alia
314 372 357 388 sunt
371 370 501 397 improbissimi

39 392 144 415 hominum,
148 398 196 416 quae
203 393 227 411 ad
233 394 382 411 usumrecentem
388 398 428 411 sine
434 393 502 411 iniuria

39 416 143 433 vetustatis
149 415 264 434 adhibemus.

77 438 151 456 Novam
160 438 227 457 deinde
239 438 320 462 culpam,
333 440 353 457 et
362 444 418 462 quain
426 438 500 457 investi-

39 461 96 484 gatio
110 464 175 480 nostra
191 461 298 484 transierat,
317 461 426 480 reclusistis:
443 467 501 486 quare

39 485 226 526 fliffifissztzzffi?
233 485 500 526 ‘iifiiiwffiifflffl'ei-issssss‘

225 521 230 530 ‚
493 518 500 521 ,

39 531 123 548 ioctione
129 533 255 554 cog-nosceret.
268 530 314 549 Post
320 531 366 549 haec
372 537 406 549 nos
412 531 500 549 falsitstis

40 553 130 580 arguitis,
137 559 170 572 cur
175 554 286 580 aprincipa,
297 559 345 577 quae
351 554 370 571 in
377 554 462 577 praefato
468 559 500 572 ne-

39 579 96 600 gotio
99 577 169 600 scripta
174 579 222 599 sunt,
227 577 304 595 dicimus
307 577 408 600 postulata.
415 577 500 600 Praesta,

40 599 123 622 domine.
130 602 151 618 ut
157 598 259 623 labyrinthi
265 600 319 618 huius
325 600 365 618 sine
372 605 433 618 errore
439 600 500 618 sinuo-

40 628 73 640 sos
92 629 114 641 su
127 628 199 641 eremus
217 623 321 641 anfractus:
339 623 399 650 dirige
416 623 501 641 semitam

40 651 100 669 quam
120 645 190 664 exibilis
197 645 272 664 coluber
278 646 330 664 iuxta
335 645 425 664 fsbncam
430 646 501 673 proprii

40 669 126 691 corporis
134 671 168 687 aut
179 669 246 687 mentis
254 671 352 696 operm-ur¹
364 671 385 687 ut
397 674 439 687 vere
451 669 501 687 dica-

40 697 93 709 mus:
105 691 197 709 Dominus
209 692 298 710 virtutum
308 691 414 715 nobiscum,
427 691 501 710 adiutor

39 716 107 732 noster
115 715 160 732 deus
167 715 233 737 Iacob,
245 716 265 733 et
273 721 315 733 cuin
325 714 424 733 Salomone
431 715 501 733 exulte-

41 743 85 755 mus
94 737 176 755 dicente:
188 738 253 761 Equus
265 739 342 761 paratur
351 738 376 756 ad
388 738 436 756 diem
450 738 499 760 belli,

41 760 94 783 apud
104 760 197 778 dominum
207 763 269 779 autem
278 763 307 778 est
316 766 370 779 omne
382 761 500 784 praesidium.

41 783 200 806 Superforaneum
222 784 283 802 uidem
293 786 322 801 est
331 783 416 802 absurdis
424 789 499 807 respon-

40 807 87 824 dere
96 807 218 830 propositioni
231 813 263 829 ns,
276 807 349 825 dicente
358 807 459 830 propheta:
470 807 500 825 Ne

40 835 71 847 res
86 829 270 853 ondeasimprudeuti
277 830 302 847 ad
307 829 450 853 imprudentiam
454 830 499 848 eius.

41 852 66 870 Se
90 852 106 870 si
115 853 160 875 quid
169 855 285 876 contemptus
291 853 394 875 transierit,
406 857 471 870 vereor
476 858 500 871 ne

40 875 98 916 §fissi
107 875 200 916 vzlsiglumb
211 878 273 894 utetur
278 875 354 916 ιῗιοιιιῐξιί
370 876 405 916 lssls
414 875 499 916 fornffido.

82 904 111 916 ius
162 904 187 916 no
201 905 216 916 is
228 904 270 916 cuin
295 904 318 917 ea
367 904 391 916 au
399 904 410 916 ο
422 904 451 916 ins
481 904 500 916 a-

40 921 99 939 tionis
108 926 175 939 causas
184 921 265 940 incidere
274 923 293 940 et
301 922 358 945 plena
368 926 414 939 voce
426 921 500 939 testarix

40 944 114 962 Factus
120 950 160 962 sum
166 944 260 968 iusipiens,
267 950 299 963 vos
306 950 335 962 me
341 950 374 962 coe
389 944 434 962 stis.
450 944 499 962 Hoc·

41 967 85 985 cine
91 973 137 991 ergo
143 968 194 986 nullo
200 968 299 986 constabat
309 973 373 991 exemp
381 973 398 990 0,
408 970 430 986 ut
439 973 499 985 sacer-

40 991 107 1008 dotum
114 996 165 1014 papa
170 991 268 1009 concilium
277 993 397 1013 convocaret,
409 991 461 1009 cuius
471 996 499 1008 ar-

39 1013 118 1031 bitrium
130 1016 160 1032 est
171 1013 256 1032 collectio
269 1014 376 1037 synodalis?
391 1014 431 1031 Aut
441 1019 500 1037 parva

40 1039 97 1054 erant
110 1042 158 1063 quae
170 1037 193 1054 de
205 1037 270 1055 vestris
282 1042 324 1055 cum
336 1037 371 1055 hac
382 1036 500 1055 multitudine

39 1059 156 1077 facinoribus
177 1060 321 1078 damnarentur?
344 1060 411 1078 Nonne
429 1060 500 1077 dii-ecta

40 1084 86 1100 sunt
95 1082 152 1100 verba
158 1088 258 1101 canonum:
271 1083 386 1106 Quicumque
392 1082 500 1101 clericorum

41 1105 66 1123 ab
77 1105 165 1129 episcopo
174 1111 207 1124 suo
217 1108 260 1124 ante
270 1106 374 1124 sententiae
383 1108 456 1129 tempus
465 1111 499 1129 pro

40 1128 100 1146 dubia
112 1129 216 1152 suspicione
225 1129 338 1151 discesserit,
351 1128 469 1147 manifestam
480 1128 500 1146 iu

40 1157 85 1169 eum
93 1157 169 1169 manere
178 1152 286 1170 censuram?
301 1152 333 1170 Ad
342 1152 396 1169 huius
407 1152 434 1169 rei
446 1151 498 1169 inini-

41 1174 120 1192 sterium
130 1175 216 1202 devotum
225 1175 260 1193 deo
270 1174 353 1201 oportuit
361 1180 429 1201 agmen
435 1180 499 1201 occur·

40 1200 159 1238 {3:310332?
160 1197 499 1247 ἒῖἓέἔηξῗέιῖἒὲἑίιέἷῗξιῗιῖξὲἳιξᾞ

40 1244 148 1261 morborum
157 1244 246 1262 violentia
255 1244 311 1262 celeri
320 1249 386 1268 gressu
395 1244 419 1262 ad
425 1249 499 1261 animas

40 1268 116 1285 secreta
129 1267 214 1290 festinat,
230 1267 294 1285 obvias
306 1272 371 1285 manus
383 1266 449 1284 afferre
461 1272 499 1284 non

40 1291 105 1313 potest
116 1290 197 1308 salutare
206 1290 312 1313 consilium,
324 1289 359 1307 nisi
369 1295 392 1307 ex
400 1289 500 1308 collatione

40 1313 147 1331 multorum.
173 1313 222 1331 Nam
234 1314 253 1331 et
265 1313 299 1331 hoc
311 1318 323 1331 a
334 1318 378 1336 rege
390 1314 454 1330 nostra
465 1318 498 1336 po-

40 1336 103 1359 poscit
109 1335 203 1360 allegatio,
212 1338 233 1354 ut
239 1335 326 1353 abscissis
332 1335 440 1353 elericorum
445 1340 498 1359 prae-

40 1359 115 1376 iudiciis
124 1359 147 1376 de
157 1360 286 1377 accusatorum
294 1364 345 1385 papa
355 1358 419 1376 merito
426 1364 459 1381 per
466 1358 498 1376 hu-

40 1387 117 1399 manum
133 1387 154 1400 os
170 1387 269 1405 supernum
287 1382 379 1399 iudicaret
396 1382 420 1399 im
435 1381 497 1399 eriuni.

40 1404 145 1422 Videamus
151 1407 223 1426 tamen,
235 1404 251 1422 si
259 1404 329 1431 placet,
342 1404 409 1422 stillas
429 1404 498 1427 isputa-

39 1427 86 1445 toris
93 1427 201 1446 didascalici
207 1427 266 1445 libelli
271 1427 328 1445 vestri
333 1427 438 1451 relegamus
445 1433 466 1445 ar
491 1437 499 1441 -

39 1451 87 1468 tias:
111 1450 223 1469 habentibus
236 1451 292 1469 etiam
307 1450 361 1469 nobis
375 1453 420 1468 onte
435 1456 471 1468 ocu
478 1456 498 1468 oa

39 1476 117 1496 patrum
123 1473 233 1496 sanctiones,
240 1473 309 1497 quibus
315 1479 422 1492 excessuum
428 1476 498 1491 vostro-

39 1502 82 1514 rum
92 1497 165 1515 sentina
191 1497 296 1515 onderetur.
319 1496 359 1514 Lex
371 1496 498 1523 ecclesiastica

39 1519 498 1569 {teitau32.02?¹2J0„2253.⁶333†g,133⁰;33221

40 1565 107 1589 linqui.
125 1565 164 1584 Vos
170 1571 214 1584 vero
220 1566 286 1588 divini,
295 1567 316 1583 ut
321 1568 373 1592 puto,
379 1571 424 1583 iuris
430 1570 498 1583 memo-

40 1594 79 1611 res,
93 1588 137 1616 quia.
145 1588 194 1606 levia
203 1591 265 1607 errata
277 1588 372 1612 despicitis
381 1588 413 1612 qui
425 1588 499 1611 peccati

39 1611 140 1630 nobilitate
146 1612 241 1635 gaudetis,
254 1617 278 1630 ne
283 1617 322 1630 una
327 1617 359 1630 vos
366 1617 388 1629 ox
394 1611 498 1629 desertione

40 1634 143 1653 sacerdotis
152 1635 209 1658 culpa
220 1635 329 1658 respiceret,
342 1634 444 1652 accusastis
456 1640 498 1652 cum

40 1657 159 1676 incrementis
168 1658 284 1676 delictorum.
307 1657 339 1675 Ad
348 1658 396 1675 hanc
408 1663 440 1675 vos
449 1657 498 1675 vale-

40 1681 134 1704 tudinem,
148 1681 178 1699 ille
184 1681 216 1704 qui
222 1683 250 1699 est
255 1680 342 1704 praevius
348 1682 410 1699 vester
415 1680 498 1703 adduxit,

944 108 987 131 669

529 165 552 181 ut
562 165 605 187 post
617 163 730 187 desolatum,
742 165 785 187 post
796 164 901 187 impetitum
912 164 986 188 pontifi-

529 191 578 208 cem,
590 186 630 204 sine
636 187 692 205 ullius
698 187 713 204 ri
728 192 759 205 ore
766 187 869 205 sententiae
876 187 933 205 totius
938 193 987 211 pene

529 209 596 227 Italiae
610 193 753 233 improbas-fimi
768 210 872 228 antistitum
887 210 987 229 crederetis

530 237 569 250 oess
584 238 689 251 censuram:
720 233 800 251 uomodo
812 233 888 256 quidam
902 233 949 251 dixit
963 234 986 252 de

529 255 606 273 cohorte
617 258 687 274 vestm:
733 256 824 274 tinantsm
839 256 919 275 animani
930 257 986 275 morti

529 284 567 296 non
579 278 658 297 credidit
669 279 707 297 uni.
737 279 826 297 Potestne
837 284 889 297 meus
900 279 986 298 indocilis

530 301 626 319 criminum
638 302 676 320 iam
688 302 749 320 ditata
760 301 875 320 successibus
885 307 896 320 a
905 302 985 321 detesta-

528 324 562 342 bili
573 325 669 347 proposito
678 325 730 343 velut
741 325 809 343 effoeta
818 324 892 343 seriari?
910 325 944 343 Ille
953 331 986 343 vos

529 347 558 365 his
565 347 667 371 locupletes
675 348 729 365 malis
738 348 800 366 effecit
809 348 838 366 cui
848 348 949 366 elationum
955 354 985 366 co-

529 370 572 393 piae
581 376 626 393 opes
636 371 730 394 angelicas
739 371 862 392 sustulerunt,
874 373 895 389 et
903 371 986 389 divinum

529 398 604 433 οεὲιειιω
614 394 693 411 nocendi
705 399 742 417 quo
751 393 840 412 exuberat
852 394 950 412 thesaurus
958 394 986 412 in-

529 416 548 433 vi
561 416 583 433 it.

564 438 602 457 Sed
608 439 693 462 promissi
698 444 788 457 memores
791 439 877 457 universa
880 445 928 463 quse
934 440 986 463 operi

528 461 611 485 ipsorum
622 462 721 480 recolimus
730 462 809 485 inserta,
821 464 854 480 tan
899 469 926 481 us.
950 463 985 481 Ar-

529 485 594 509 guitur
599 485 649 509 stylo
653 485 800 512 splendidissimo
804 468 986 509 papaffimachus,

529 513 586 531 quaro
593 512 733 527 conventionem
739 509 869 532 praeveniens,
878 514 920 527 cum
926 515 985 533 popu—

529 531 588 549 lorum
600 531 683 549 coetibus
696 537 773 550 examen
787 531 872 554 intravit,
887 533 907 550 et
918 535 986 555 postea

528 554 598 572 iudicia
604 560 646 572 eum
652 557 739 573 evocatus
746 557 812 578 quater
820 555 895 577 fuisset,
908 554 984 578 sprevit.

529 576 561 595 Sic
569 582 581 595 a
587 577 640 595 vohis
646 578 684 595 veri
694 577 778 595 discessit
788 578 869 600 affectio,
878 579 900 595 ut
910 578 984 596 menda-

529 600 598 618 ciorum
608 600 681 618 nebulis
689 600 740 619 urbis
749 601 875 618 testimouium
881 601 951 624 putetis
958 600 985 619 iu—

529 623 578 641 volvi
587 625 606 641 et
616 623 702 641 fallacias
722 623 794 641 enieulo
801 623 876 647 depicta
881 624 938 642 verba
943 624 985 647 plus

529 646 595 663 virium
600 646 681 664 credatis
687 646 712 664 ha
746 652 756 664 e
762 652 818 669 quam
824 647 921 665 veritatem
925 646 985 664 Roma

529 674 585 692 quam
599 669 680 687 retinet?
703 670 776 693 Ergone
789 669 820 687 ills
832 669 985 693 disceptationem

529 692 558 709 vel
565 692 681 715 importunus
689 692 737 710 adiit
745 692 775 710 vel
781 695 890 715 expectatus
899 692 985 716 aufugit?

529 714 604 738 Ergone
613 715 664 733 illam
674 715 811 733 multitudinem
820 715 898 733 devotas
905 715 939 733 doo
945 715 985 738 ple-

528 737 557 755 bis
566 743 603 755 non
611 743 647 765 pro
655 737 700 756 fidei
709 738 807 762 diligentis
815 738 917 756 christi-na
925 738 985 762 magis

529 762 640 784 expectatio,
647 766 703 784 quam
708 761 759 779 furor
766 761 862 779 evocavit?
874 761 920 782 Quis
934 766 985 779 uam-

528 789 552 801 ne
562 783 585 802 sd
597 783 714 802 inferendam
723 784 831 802 violentiam
840 789 916 802 currens
932 789 985 807 acry-

528 812 568 824 mss
574 807 650 824 comites
657 806 723 834 habet¹
736 809 755 825 et
761 807 793 830 qui
802 807 864 824 studet
873 812 913 825 esse
923 806 985 825 formi-

528 829 567 847 dini
573 829 644 847 vultum
651 829 733 847 timentis
739 829 833 848 ostendit?
844 829 946 848 Multitudo
951 830 985 847 illa

528 852 592 870 iuncta
604 852 705 870 sacerdotis
717 852 784 870 officiis
798 852 863 870 attulit
874 853 899 870 ad
911 858 945 870 nos
956 852 984 870 la-

528 877 600 898 menta,
609 881 647 893 uon
654 875 715 893 iacula
733 880 768 893 nec
773 876 824 893 venit
832 875 911 893 telorum
917 875 984 897 minax,

528 897 561 916 sed
567 897 642 916 fletibus
648 889 765 925 miserabilis,
773 903 811 916 uns
815 900 889 916 tantum
895 898 983 925 intentio—

528 926 570 939 nem
582 923 663 939 vestram
678 923 802 939 ostentatione
813 923 923 944 gravatura,
939 926 984 944 quia

528 943 616 962 uberibus
625 944 719 962 oculorum
727 943 835 962 fluminibus
844 944 985 962 demonstrabat

529 972 584 990 quam
591 970 640 985 esset
662 972 682 985 er
688 967 809 985 acerbitatem
814 969 895 985 vestram
901 967 983 985 conditio

528 990 610 1008 dolende.
621 996 647 1014 pu
654 991 691 1008 sati
703 992 722 1008 et
736 991 755 1008 in
770 990 871 1009 sobrietate
882 990 984 1008 venerandi

528 1013 617 1031 examinis
629 1013 731 1031 afflictione
745 1013 821 1036 propria
836 1013 984 1036 commendabat,

529 1042 584 1059 quem
593 1042 638 1054 vocs
647 1042 684 1054 non
692 1038 773 1059 poterat.
799 1036 836 1054 Sed
847 1036 920 1054 habetis
926 1036 984 1054 mani-

528 1060 596 1077 festum
608 1065 630 1077 ex
642 1059 677 1077 hac
689 1065 708 1077 re
717 1059 750 1082 qui
759 1059 815 1077 bilem
827 1059 877 1077 furor
887 1059 983 1081 accendat,

528 1082 573 1105 quie.
579 1088 627 1105 pene
633 1082 728 1101 absolutus
734 1082 759 1100 ad
765 1082 834 1100 iudicia
840 1082 896 1105 venit,
906 1088 940 1105 pro
947 1087 984 1105 quo

528 1105 577 1123 orbis
586 1105 630 1123 illac
671 1107 692 1123 at
709 1107 728 1123 et
738 1105 782 1123 dum
790 1105 845 1123 rebus
852 1107 959 1123 extraneam
965 1105 985 1123 iu

527 1128 644 1169 praedictum
650 1119 737 1146 invidiam
744 1133 828 1146 sei-mone
834 1128 928 1155 colligitis,
938 1133 983 1151 pau-

535 1156 584 1174 isper
593 1151 707 1169 reverentiae
716 1153 790 1169 nostrae
797 1151 829 1169 diu
835 1156 896 1169 cervix
904 1151 985 1178 superba

528 1174 648 1192 submittitur.
672 1174 748 1192 Sacram
760 1174 809 1192 onim
821 1176 984 1198 congregationem

527 1199 572 1215 tunc
584 1197 663 1220 voeatis,
679 1197 754 1220 quando
766 1197 886 1215 extinctorem
901 1198 984 1215 nostrum

528 1219 659 1243 Symmachum
669 1220 724 1238 vultis
732 1225 824 1243 asserere,
837 1222 856 1238 st
865 1220 935 1238 crudeli
944 1220 983 1243 pie-

528 1244 567 1260 tate
576 1243 642 1261 honori
652 1245 716 1261 nostro
725 1243 795 1266 putatis
804 1248 920 1265 accrescere,
933 1242 983 1266 quod

527 1265 610 1283 residens
617 1266 636 1283 iu
643 1266 761 1284 ecclesiarum
770 1271 812 1284 arce
818 1266 926 1289 perdiderit.
944 1265 983 1284 No·

527 1289 565 1306 ista
570 1294 608 1306 nou
613 1289 673 1307 solum
679 1295 716 1307 non
722 1289 817 1311 sensimus,
824 1289 857 1307 sed
864 1289 936 1307 diversa
942 1294 983 1306 seu-

527 1312 588 1329 tinius.
600 1312 632 1330 Ad
638 1312 684 1330 alios
734 1312 750 1330 is
756 1312 827 1330 tutelae
833 1314 905 1330 vestrae
911 1317 983 1329 venena

528 1335 635 1353 convertite.
659 1335 702 1353 Non
713 1335 771 1353 habet
782 1334 907 1352 testimonium
919 1334 982 1352 defen-

527 1358 583 1380 soris,
598 1358 630 1381 qui
644 1358 757 1381 repugnanti
771 1357 862 1380 impendit
878 1357 915 1375 oris
929 1357 982 1376 obse-

527 1380 596 1404 quium.
623 1381 689 1399 Perdit
703 1386 758 1407 qusm
772 1386 812 1398 esse
840 1383 883 1398 utat
896 1380 982 1398 beneficii

527 1404 613 1427 gratim,
621 1404 652 1427 qui
659 1404 729 1427 aliquid
735 1406 820 1427 praestat
825 1403 889 1426 invito,
895 1404 939 1427 quia
945 1408 982 1421 non

527 1429 556 1445 est
562 1432 633 1448 munus,
639 1426 675 1444 nisi
681 1426 731 1450 qnod
737 1426 782 1444 velis
789 1427 829 1444 acci
843 1432 880 1444 ero.

561 1449 616 1468 Nunc
622 1450 678 1474 longa
683 1455 721 1467 non
727 1455 773 1473 opus
779 1452 808 1468 est
813 1455 825 1468 a
838 1449 939 1468 monitione
945 1449 982 1467 iam

526 1473 612 1496 perditisq
625 1473 687 1491 odium
697 1472 785 1491 debemus
794 1472 846 1496 operi
854 1473 878 1490 de
884 1472 936 1491 cuius
945 1472 983 1490 iam

526 1495 983 1537 ffiffl‘ffib35‘32.23ffl”3{t:„÷t“30‘i²5{}²1:¹5;

526 1547 568 1560 cum
580 1542 666 1565 praefato
677 1541 701 1559 sd
716 1541 785 1559 iudicia
799 1541 907 1559 convenisse
919 1543 939 1559 et
949 1541 983 1559 ills

526 1567 588 1583 vestra
597 1565 701 1583 subtilitate
710 1564 813 1582 ostenditur
821 1569 875 1582 sexus
897 1564 916 1582 ui
925 1564 982 1582 maio-

526 1593 564 1606 rem
577 1588 657 1606 antistiti
668 1587 762 1605 debuisset
774 1587 866 1605 affectum.
904 1587 981 1605 rofanis-

527 1611 568 1628 simi
580 1611 674 1629 hominum
686 1610 774 1633 scriptum
785 1610 867 1628 retineo:
884 1610 941 1628 Aliud
954 1613 982 1628 est

527 1633 642 1656 maledicere,
655 1633 706 1651 aliud
718 1638 810 1651 accusare.
834 1633 859 1651 Et
869 1633 982 1660 prophetam

527 1657 602 1674 dixisse:
614 1656 744 1680 Reprobsutes
750 1656 826 1674 verbum
831 1658 919 1679 sperastis
926 1656 945 1674 iii
951 1662 982 1675 ca-

527 1679 597 1698 lamnis
603 1679 647 1697 etin
653 1679 732 1698 tumultu
739 1681 758 1697 et
764 1679 808 1697 estis
814 1679 833 1697 iu
839 1684 870 1697 eo:
882 1681 983 1703 propterea
