1231 1931
246 110 260 122 Χ

246 160 322 192 praef.
334 160 393 183 bibl.
404 159 591 184 Vindocinensis
604 169 618 183 a
630 168 669 183 me
684 160 769 184 litteris
784 160 864 192 rogati
878 168 940 191 quae
956 160 987 184 de
1002 160 1104 192 singulis
1122 160 1184 184 codi-

248 206 316 229 cibus
328 205 353 229 in
366 205 518 229 bibliothecis
531 213 616 229 eorum
625 205 756 229 reconditis
769 205 829 229 scire
839 205 934 235 vellem,
946 206 1126 238 prompn'ssime
1138 214 1185 229 me-

248 260 303 275 cum
315 251 561 275 communicaverunt.

315 296 381 320 Inter
395 300 515 321 nostrates
531 301 572 321 aut
584 305 613 321 eo
627 296 693 329 quod
709 296 806 321 codices
819 306 863 329 pro
876 305 915 321 me
929 298 1081 322 contulerunt
1093 302 1135 322 aut
1147 298 1185 321 de·

248 343 391 375 scriptiones
403 343 624 375 manuscriptorum
638 342 697 366 mihi
710 342 829 367 miserunt
841 347 883 367 aut
894 343 992 367 codices
1004 343 1185 376 investigarunt,

248 389 339 421 optime
357 389 387 413 de
408 397 447 412 me
467 388 546 412 meriti
566 391 623 412 sunt
640 388 685 412 vin·
704 388 737 412 ill.
756 387 841 412 Detlef
855 387 1014 418 Detlefsen,
1037 389 1095 421 phil.
1115 389 1186 419 doct„

247 435 366 459 Aemilius
379 434 503 464 Hfibner,
516 434 573 466 phil.
587 434 659 463 doct.⁷
672 433 815 458 Franciscus
827 432 857 458 X.
868 433 969 464 Kraus,
982 434 1040 466 phil.
1053 435 1124 465 doct.⁷
1137 434 1186 459 Fri-

248 480 344 505 dericus
356 480 541 509 Kunstmann,
560 483 700 503 antecessor
711 479 875 509 Monacensis,
893 479 1030 504 Fridericus
1045 480 1186 509 Maassen,

247 530 387 550 antecessor
406 525 554 558 Gratzensis‚
575 525 679 549 Ioannes
697 524 815 554 Merkel,
836 528 977 549 antecessor
991 525 1104 550 Halensis
1122 534 1187 549 nunc

247 572 386 601 defunctus,
399 571 544 595 Theodorus
556 570 719 600 Mommsen,
734 571 861 603 professor
872 570 1044 601 Berolinensis,
1058 570 1160 596 Carolus
1173 581 1187 595 a

248 616 305 641 Stei
311 625 369 650 ger,
381 617 519 649 praet'ectus
531 616 694 640 bibliothecae
703 615 840 646 Bernensis,
851 616 974 641 Arminius
982 616 1187 641 Wasserschle-

247 663 310 692 ben,
329 666 469 687 antecessor
482 661 626 687 Giessensis.

316 708 360 732 Est
377 708 448 732 etiam
464 708 530 740 quod
548 716 735 732 commemorem
752 708 859 733 virorum
877 709 910 733 ill.
923 709 1020 733 Aemilii
1034 708 1149 733 Richter
1164 714 1189 733 et

247 753 353 786 Philippi
365 754 442 778 ‹luffe'
455 762 537 778 curam
550 757 574 777 et.
585 753 692 777 officium
702 754 767 785 quod
782 754 838 778 mihi
853 742 906 779 cium
916 754 1022 779 Berolini
1035 764 1097 787 opus
1106 756 1188 778 meum

248 800 400 824 absolverem
412 799 578 823 lubentissime
590 799 768 831 praestiterunt.

317 845 411 874 Quibus
424 845 536 869 omnibus
548 845 606 869 viris
621 845 723 877 gratiam
738 845 817 869 habeo
833 846 964 870 maximam
979 854 1057 878 neque
1073 854 1188 878 umquam

248 891 337 915 habere
350 891 459 915 cessabo.

317 936 411 960 Dabam
425 936 531 961 Berolini
543 936 608 961 XIV.
621 936 674 960 Kal.
688 936 763 961 Maias
777 935 972 961 MDCCCLXIH.
