1231 1931
363 108 433 127 SIXTI
444 119 468 122 —
479 107 606 127 VICTORIS.
942 105 954 126 ’ἶ

52 163 75 182 Ν.
86 162 111 182 De
122 165 197 189 pastore
205 169 245 182 non
257 162 431 189 repraehendendo
446 162 472 183 ab
558 161 713 183 divinis‘usibus
727 163 800 183 traditu
814 163 901 190 aplicent
915 164 956 183 suis

91 190 154 211 ovibus.
557 191 633 211 usibus.

52 220 67 239 V.
77 219 107 244 Qui
117 219 152 239 siut
161 219 279 246 reprobandi
291 219 351 246 quive
362 219 472 247 recipiendi
500 219 559 239 VIII.
574 219 604 240 Ut
614 220 705 246 sacrilegi
713 220 823 240 habeantur
833 221 866 247 qui
874 220 957 247 praedia

89 248 107 267 in
116 248 238 268 mantione.
558 248 703 268 aecclesiastica
718 248 756 268 sibi
773 251 877 275 usurpant,
894 249 956 275 ipsos-

51 277 74 296 Π.
85 276 133 301 Quod
145 276 204 296 nichil
221 277 284 303 prosit
300 276 381 303 aliquod
398 276 472 297 bonum
558 283 596 303 que
614 277 694 297 clericos
716 280 736 297 et
753 277 828 297 domini
845 277 957 298 sacerdotes

89 311 144 331 agere,
155 305 192 325 nisi
204 312 260 325 mens
271 305 296 325 ab
306 305 410 332 iniquitate
419 312 475 325 reve·
560 308 692 332 persecuntur.

89 336 135 353 cetur
145 336 164 353 et
177 334 246 360 lingua
261 340 273 354 a
287 333 407 354 detractione
422 334 475 354 cohi·
502 334 540 354 IX.
556 333 616 358 Quod
627 334 708 360 gravius
720 337 824 361 peccatum
839 334 865 354 sit
879 334 984 362 sectile-V-

88 361 155 387 benur,
172 365 191 382 et
208 362 262 388 quod
279 362 344 382 fidelis
360 362 419 382 bomo
434 369 474 383 non
559 362 615 388 gium
626 369 686 389 quam
697 362 805 383 fornicatio.

89 390 150 410 debeat
160 391 228 410 venire
240 391 261 410 in
273 391 411 417 suspicionem.
503 391 529 411 X.
545 391 574 411 Ut
588 391 654 411 nullus
671 390 762 411 sacerdos
779 391 812 411 vel
830 391 912 411 clericus
930 391 958 410 in-

49 419 80 438 VH.
92 419 130 443 Qua
145 422 211 439 monet
229 426 263 439 eos
280 426 349 439 cavere
366 426 379 439 a
396 422 475 439 conten-
560 419 667 439 obaediens
679 419 751 439 existat
766 426 801 439 suo
816 420 910 446 episcopo
925 426 958 439 ne<

88 448 133 467 tinne
143 452 162 468 et
173 448 302 473 emulatione,
320 451 340 468 et
353 455 378 468 ne
392 447 475 475 praedia
554 454 599 475 que
611 448 629 468 ei
641 448 722 468 insidias
734 451 796 475 paret.

233 505 271 525 IX.
295 505 373 525 Tituli
388 504 539 525 decretorum
553 505 652 525 Annicii
665 501 747 532 p'apae.

19 553 20 569 ;
49 544 59 563 1.
69 544 93 564 Du
110 544 263 565 ordinationibus
283 545 475 572 archiepiscoporum
503 544 539 565 1v.
553 545 586 565 De
602 545 705 572 inflatione
724 545 919 571 metropolitanorum
940 548 959 564 et

87 576 103 592 et
111 573 230 599 reliquorum
241 574 383 600 episcoporum.
560 574 612 593 fastu
624 576 644 593 et
656 573 680 593 de
692 573 791 600 episeopis
806 573 840 600 qni
855 573 959 593 laeduntur

19 607 20 613 ¹
48 601 65 620 Π.
76 601 97 621 Ut
106 601 263 629 uehiepiscopus
274 602 300 622 ab
309 601 399 622 omnibus
409 601 485 622 suffra-¹
561 609 574 622 a
584 602 742 628 metropolitano.

86 631 145 655 gnum's
162 630 273 655 ordinetur,
291 631 349 650 aliter
365 631 422 651 irrita
439 631 477 650 erit
504 630 529 651 V.
544 630 572 650 Ut
586 630 654 650 clerici
671 637 746 650 comam
764 637 804 650 non
821 630 908 650 nutriant
924 630 960 650 sed

86 659 120 679 eius
131 662 176 679 ncta
187 659 292 679 ordinatio.
561 665 621 686 super
626 662 685 686 capnt
690 659 712 678 in
720 658 801 679 modum
808 665 878 686 sperae
884 658 959 679 radant

47 686 72 705 111.
83 687 115 711 Qui
126 687 164 707 sint
178 688 274 714 primates
288 687 382 712 vocandi,
400 687 474 714 quique

85 716 229 743 metropolitani,

249 768 276 787 X.
299 767 379 787 Tituli
394 767 637 793 decretorumssoteri
651 774 733 794 papae.

46 805 56 824 L
65 806 89 826 De
98 807 134 827 fide
145 808 289 828 incarnationis
302 807 381 828 Christi.
505 807 543 827 ΙΙΙ.
559 807 588 827 Ut
603 810 690 827 sacratae
704 807 790 827 feminae
804 808 837 827 vel
851 806 961 827 monachae

19 844 20 848 =
46 834 63 853 Π.
75 834 122 859 Quod
133 836 185 856 filius
199 836 306 856 secundum
318 843 397 856 carnem
407 835 478 856 dicitur
563 842 603 856 non
618 836 734 862 contingant
748 843 805 856 sacra
821 842 869 856 vasa
884 836 917 855 vel
931 842 961 855 sa-

84 864 148 889 factm,
163 864 275 885 secundm
290 864 414 885 divinitatem
430 871 477 884 vero
563 867 627 884 emtas
639 864 702 890 pallas
713 871 779 891 neque
793 864 883 884 defernnt
897 864 961 884 incen-

84 899 118 912 non
128 893 193 914 sactus
205 893 242 914 sed
253 893 336 919 genitus.
564 899 608 913 snm
619 893 672 912 cirea
683 892 750 913 altare.

221 950 260 970 XL
283 950 361 971 Tituli
376 949 522 971 decretorum
535 949 671 970 Eleutherii
685 956 765 977 papae.

19 1003 20 1007 ,
45 989 55 1008 l.
65 990 89 1009 De
99 991 144 1010 escis
157 990 297 1011 communibus
307 997 348 1010 non
362 990 478 1017 respuendis
506 990 545 1010 111.
560 989 589 1009 Ut
599 989 660 1009 iudex
671 996 712 1009 non
724 990 778 1016 prius
790 989 858 1009 obviet
873 996 909 1009 sua
920 995 963 1009 sen-

85 1025 128 1045 quas
140 1019 190 1039 deus
202 1018 230 1039 ad
241 1019 295 1039 cibos
306 1019 375 1039 tribuit
386 1018 479 1039 fidelibus
564 1018 626 1038 tentia
637 1018 761 1044 litigantibus
772 1017 868 1044 quamdiu
880 1018 918 1044 ipsi
930 1018 963 1037 ha-

85 1048 124 1067 suis.
565 1046 613 1067 bent
635 1046 711 1074 aliquid
734 1046 788 1073 quod
807 1049 920 1073 proponant
942 1046 964 1066 in

45 1074 62 1093 Ῑὶ
73 1076 99 1095 De
112 1075 272 1096 accusationibus
290 1076 403 1096 clericorum
423 1078 442 1096 et
458 1079 481 1096 ut
567 1075 675 1102 questione.

85 1104 199 1125 diffinitiva⁶
205 1104 344 1131 episcoporum
349 1107 426 1124 tantum
432 1104 481 1124 iudi-
509 1103 545 1124 lv.
560 1104 592 1123 De
599 1103 756 1124 accusationibus
762 1103 964 1130 oomprovincialium.

85 1133 110 1153 eia
118 1133 143 1153 ad
151 1133 222 1153 sedem
232 1133 360 1160 apostolicam
369 1132 481 1153 deferant-ur
508 1132 533 1153 V.
549 1132 577 1152 Ut
591 1132 667 1152 indices
681 1132 789 1152 aecclesiae
803 1132 905 1152 absentem
922 1138 965 1158 per-

84 1164 101 1181 et
113 1165 135 1182 ut
148 1162 171 1182 in
186 1162 289 1182 aecclesiis
304 1168 371 1182 eorum
389 1168 429 1181 non
446 1161 481 1181 alii
568 1167 636 1181 sons—m
647 1168 687 1181 non
701 1160 794 1181 iudicent.

86 1193 115 1210 sut
136 1193 287 1217 praeponantur
310 1193 345 1210 aut
367 1189 482 1210 ordinentur
511 1189 546 1210 VI.
562 1189 621 1214 Quod
638 1189 720 1209 fratrum
736 1192 860 1210 accusatores
876 1195 917 1208 non
931 1195 966 1208 eos

84 1221 189 1245 autequam
206 1219 248 1239 illic
267 1225 334 1239 eorum
351 1219 403 1239 iusta
417 1218 482 1239 termi-
567 1218 660 1244 diligant,
683 1218 718 1238 sed
736 1218 800 1244 magis
821 1217 929 1244 neglegant
946 1220 966 1236 et

84 1250 150 1268 nentur
161 1248 251 1274 negotia.
567 1249 654 1273 peccent.

232 1305 282 1325 XII.
303 1304 382 1324 Tituli
397 1304 547 1324 decretorum
562 1303 669 1323 Victoris
683 1310 764 1330 papae.

44 1342 54 1361 ἱ
64 1343 89 1364 De
99 1348 167 1365 sancto
180 1344 257 1371 pascha
271 1344 305 1364 die
319 1344 418 1364 dominico
433 1344 483 1364 cele-
512 1344 536 1364 V.
552 1343 581 1363 Ut
591 1346 693 1363 accusatus
704 1343 738 1363 vel
749 1343 846 1367 iudicatus
858 1342 884 1362 ab
893 1342 966 1369 episco-

84 1372 157 1393 brando
170 1377 192 1393 et
204 1376 253 1400 quot
264 1373 334 1393 diebus
344 1372 484 1393 celebrandum
568 1372 601 1399 pis
619 1371 816 1399 comprovincialibus
835 1371 916 1391 licenter
933 1377 967 1397 ap-

84 1401 111 1421 rit.
216 1407 218 1409 ’
570 1400 631 1427 pellet
649 1403 668 1420 et
685 1400 744 1420 adeat
760 1400 871 1420 Romanum
889 1399 967 1426 pontifi-

19 1451 20 1454 *
43 1427 62 1447 11.
73 1429 112 1454 Quo
123 1433 217 1457 tempore
230 1430 330 1457 baptisma
345 1429 485 1450 celebrandum
571 1435 619 1449 cem.

83 1459 107 1479 sit
118 1462 137 1479 et
149 1462 173 1479 ut
185 1459 221 1485 qui
232 1458 357 1485 baptizantur
368 1465 409 1478 non
417 1458 487 1478 infide·
515 1457 551 1478 VI.
566 1457 598 1477 De
619 1464 642 1477 eo
663 1457 697 1484 qni
720 1457 804 1477 laeditur
824 1464 837 1477 a
857 1456 967 1482 metropoli-

84 1487 111 1507 les
122 1487 158 1507 sed
170 1487 242 1507 fideles
253 1487 385 1507 inveniantur.
570 1489 623 1506 tuno.

19 1523 20 1526 =
42 1512 70 1533 ΙΙΙ.
82 1515 111 1536 De
122 1516 204 1536 statutis
216 1516 272 1536 nulla
286 1516 405 1542 inprobitate
421 1518 441 1535 et
451 1522 485 1535 no-
513 1514 561 1535 VII.
577 1513 635 1539 Quod
648 1517 737 1541 oporteat
746 1514 849 1541 episcopos
858 1513 968 1533 unianimes

19 1547 20 1552 ¹
84 1545 144 1565 vitato
156 1544 264 1564 violandis.
572 1550 615 1563 esse
626 1546 645 1563 et
656 1543 677 1563 in
688 1546 742 1563 recta
752 1542 792 1562 fide
801 1542 851 1562 etin
860 1548 969 1562 sacramen-

42 1570 67 1590 lv.
81 1572 107 1592 Ut
128 1573 208 1593 incerta
230 1573 342 1593 nullatenus
368 1572 486 1597 iudicentur,
572 1572 598 1592 tis
608 1571 681 1591 divinis
689 1578 729 1591 non
738 1571 849 1598 discrepare
859 1577 924 1597 neque
932 1570 970 1590 fra-

85 1602 131 1627 quia
141 1602 193 1622 lieet
204 1608 251 1621 vera
260 1601 305 1626 sint,
316 1608 357 1621 non
365 1604 411 1621 sunt
419 1604 487 1621 tamen
573 1600 635 1620 tribus
646 1600 698 1620 velle
709 1606 779 1620 nocere
791 1602 812 1620 et
822 1602 845 1619 nt
853 1599 924 1619 cadant
935 1599 970 1618 mi-

85 1630 192 1650 credenda.
572 1629 626 1649 nime
638 1628 742 1649 decertare.

78 1678 85 1691 ⁵
96 1680 125 1697 Sic
131 1685 181 1697 corr.
188 1685 222 1697 sec,
229 1679 271 1697 Par.
278 1680 307 1697 αἰ.
321 1679 363 1697 Coa.
369 1686 374 1696 .-
384 1679 477 1697 infinitiva.
