<?xml version="1.0" encoding="UTF-8"?>
<!DOCTYPE html PUBLIC "-//W3C//DTD XHTML 1.0 Transitional//EN"
    "http://www.w3.org/TR/xhtml1/DTD/xhtml1-transitional.dtd">
<html xmlns="http://www.w3.org/1999/xhtml" xml:lang="en" lang="en">
 <head>
  <title>
</title>
<meta http-equiv="Content-Type" content="text/html;charset=utf-8" />
  <meta name='ocr-system' content='tesseract 3.04.00' />
  <meta name='ocr-capabilities' content='ocr_page ocr_carea ocr_par ocr_line ocrx_word'/>
</head>
<body>
  <div class='ocr_page' id='page_1' title='image "./decretalespseud00hinsgoog_0018.png"; bbox 0 0 1231 1931; ppageno 0'>
   <div class='ocr_carea' id='block_1_1' title="bbox 229 107 265 120">
    <p class='ocr_par' dir='ltr' id='par_1_1' title="bbox 229 107 265 120">
     <span class='ocr_line' id='line_1_1' title="bbox 229 107 265 120; baseline -0.028 0"><span class='ocrx_word' id='word_1_1' title='bbox 229 107 265 120; x_wconf 73' lang='lat' dir='ltr'>V111</span> 
     </span>
    </p>
   </div>
   <div class='ocr_carea' id='block_1_2' title="bbox 219 157 1176 1697">
    <p class='ocr_par' dir='ltr' id='par_1_2' title="bbox 227 157 1170 646">
     <span class='ocr_line' id='line_1_2' title="bbox 230 157 1169 190; baseline 0 -9"><span class='ocrx_word' id='word_1_2' title='bbox 230 166 285 181; x_wconf 90' lang='lat' dir='ltr'>cum</span> <span class='ocrx_word' id='word_1_3' title='bbox 300 157 341 181; x_wconf 84' lang='lat' dir='ltr'>illa</span> <span class='ocrx_word' id='word_1_4' title='bbox 355 157 442 182; x_wconf 79' lang='lat' dir='ltr'>fraude</span> <span class='ocrx_word' id='word_1_5' title='bbox 458 157 587 181; x_wconf 75' lang='lat' dir='ltr'>cohaerere</span> <span class='ocrx_word' id='word_1_6' title='bbox 602 157 665 181; x_wconf 83' lang='lat' dir='ltr'>inter</span> <span class='ocrx_word' id='word_1_7' title='bbox 679 165 764 181; x_wconf 86' lang='lat' dir='ltr'>omnes</span> <span class='ocrx_word' id='word_1_8' title='bbox 781 160 885 187; x_wconf 84' lang='lat' dir='ltr'>constat,</span> <span class='ocrx_word' id='word_1_9' title='bbox 904 165 934 182; x_wconf 86' lang='lat' dir='ltr'>ea</span> <span class='ocrx_word' id='word_1_10' title='bbox 947 158 1021 190; x_wconf 81' lang='lat' dir='ltr'>igitur</span> <span class='ocrx_word' id='word_1_11' title='bbox 1037 158 1169 182; x_wconf 88' lang='lat' dir='ltr'>secundum</span> 
     </span>
     <span class='ocr_line' id='line_1_3' title="bbox 230 203 1169 235; baseline 0 -8"><span class='ocrx_word' id='word_1_12' title='bbox 230 203 336 235; x_wconf 87' lang='lat' dir='ltr'>optimos</span> <span class='ocrx_word' id='word_1_13' title='bbox 346 203 443 227; x_wconf 88' lang='lat' dir='ltr'>codices</span> <span class='ocrx_word' id='word_1_14' title='bbox 454 203 557 233; x_wconf 85' lang='lat' dir='ltr'>cderem&#39;,</span> <span class='ocrx_word' id='word_1_15' title='bbox 571 203 683 235; x_wconf 83' lang='lat' dir='ltr'>genuinis</span> <span class='ocrx_word' id='word_1_16' title='bbox 694 206 775 227; x_wconf 85' lang='lat' dir='ltr'>autem</span> <span class='ocrx_word' id='word_1_17' title='bbox 784 203 892 227; x_wconf 83' lang='lat' dir='ltr'>conciliis</span> <span class='ocrx_word' id='word_1_18' title='bbox 902 207 927 227; x_wconf 82' lang='lat' dir='ltr'>et</span> <span class='ocrx_word' id='word_1_19' title='bbox 936 203 1097 227; x_wconf 79' lang='lat' dir='ltr'>decretalibus</span> <span class='ocrx_word' id='word_1_20' title='bbox 1107 212 1169 235; x_wconf 82' lang='lat' dir='ltr'>quac</span> 
     </span>
     <span class='ocr_line' id='line_1_4' title="bbox 228 248 1170 281; baseline 0.001 -9"><span class='ocrx_word' id='word_1_21' title='bbox 228 249 312 273; x_wconf 84' lang='lat' dir='ltr'>insunt</span> <span class='ocrx_word' id='word_1_22' title='bbox 326 249 350 272; x_wconf 90' lang='lat' dir='ltr'>in</span> <span class='ocrx_word' id='word_1_23' title='bbox 363 248 612 273; x_wconf 82' lang='lat' dir='ltr'>Pseudo-Isidorianis</span> <span class='ocrx_word' id='word_1_24' title='bbox 626 248 751 272; x_wconf 83' lang='lat' dir='ltr'><strong>codicibus</strong></span> <span class='ocrx_word' id='word_1_25' title='bbox 766 248 800 272; x_wconf 84' lang='lat' dir='ltr'>ita</span> <span class='ocrx_word' id='word_1_26' title='bbox 815 252 908 273; x_wconf 82' lang='lat' dir='ltr'>tantum</span> <span class='ocrx_word' id='word_1_27' title='bbox 920 257 1020 281; x_wconf 82' lang='lat' dir='ltr'>operam</span> <span class='ocrx_word' id='word_1_28' title='bbox 1033 249 1126 279; x_wconf 81' lang='lat' dir='ltr'>darem,</span> <span class='ocrx_word' id='word_1_29' title='bbox 1143 254 1170 273; x_wconf 76' lang='lat' dir='ltr'>ut</span> 
     </span>
     <span class='ocr_line' id='line_1_5' title="bbox 229 294 1169 327; baseline 0 -9"><span class='ocrx_word' id='word_1_30' title='bbox 229 297 289 326; x_wconf 84' lang='lat' dir='ltr'>quot</span> <span class='ocrx_word' id='word_1_31' title='bbox 301 299 325 318; x_wconf 80' lang='lat' dir='ltr'>et</span> <span class='ocrx_word' id='word_1_32' title='bbox 337 302 399 327; x_wconf 83' lang='lat' dir='ltr'>quae</span> <span class='ocrx_word' id='word_1_33' title='bbox 412 294 514 318; x_wconf 81' lang='lat' dir='ltr'>concilia</span> <span class='ocrx_word' id='word_1_34' title='bbox 527 298 550 318; x_wconf 86' lang='lat' dir='ltr'>et</span> <span class='ocrx_word' id='word_1_35' title='bbox 563 294 696 318; x_wconf 82' lang='lat' dir='ltr'>decretales</span> <span class='ocrx_word' id='word_1_36' title='bbox 712 294 736 320; x_wconf 86' lang='lat' dir='ltr'>in</span> <span class='ocrx_word' id='word_1_37' title='bbox 752 294 853 327; x_wconf 83' lang='lat' dir='ltr'>singulis</span> <span class='ocrx_word' id='word_1_38' title='bbox 868 295 1040 327; x_wconf 74' lang='lat' dir='ltr'>manuscriptis</span> <span class='ocrx_word' id='word_1_39' title='bbox 1055 295 1169 324; x_wconf 75' lang='lat' dir='ltr'>inessent,</span> 
     </span>
     <span class='ocr_line' id='line_1_6' title="bbox 228 339 1168 373; baseline -0.001 -9"><span class='ocrx_word' id='word_1_40' title='bbox 228 348 277 372; x_wconf 84' lang='lat' dir='ltr'>qua</span> <span class='ocrx_word' id='word_1_41' title='bbox 295 349 339 372; x_wconf 83' lang='lat' dir='ltr'>par</span> <span class='ocrx_word' id='word_1_42' title='bbox 357 344 407 364; x_wconf 81' lang='lat' dir='ltr'>erat</span> <span class='ocrx_word' id='word_1_43' title='bbox 425 340 550 373; x_wconf 76' lang='lat' dir='ltr'>diligentia</span> <span class='ocrx_word' id='word_1_44' title='bbox 567 340 746 372; x_wconf 74' lang='lat' dir='ltr'>investigarem.</span> <span class='ocrx_word' id='word_1_45' title='bbox 782 339 856 369; x_wconf 83' lang='lat' dir='ltr'>Quod</span> <span class='ocrx_word' id='word_1_46' title='bbox 874 348 904 364; x_wconf 85' lang='lat' dir='ltr'>eo</span> <span class='ocrx_word' id='word_1_47' title='bbox 919 340 998 373; x_wconf 81' lang='lat' dir='ltr'>magis</span> <span class='ocrx_word' id='word_1_48' title='bbox 1017 340 1095 373; x_wconf 83' lang='lat' dir='ltr'>potui,</span> <span class='ocrx_word' id='word_1_49' title='bbox 1115 349 1168 364; x_wconf 83' lang='lat' dir='ltr'>cum</span> 
     </span>
     <span class='ocr_line' id='line_1_7' title="bbox 228 385 1170 418; baseline -0.001 -8"><span class='ocrx_word' id='word_1_50' title='bbox 228 386 316 418; x_wconf 88' lang='lat' dir='ltr'>quibus</span> <span class='ocrx_word' id='word_1_51' title='bbox 339 394 352 410; x_wconf 87' lang='lat' dir='ltr'>e</span> <span class='ocrx_word' id='word_1_52' title='bbox 373 386 498 410; x_wconf 80' lang='lat' dir='ltr'>codicibus</span> <span class='ocrx_word' id='word_1_53' title='bbox 518 386 559 410; x_wconf 84' lang='lat' dir='ltr'>illa</span> <span class='ocrx_word' id='word_1_54' title='bbox 578 386 603 409; x_wconf 91' lang='lat' dir='ltr'>in</span> <span class='ocrx_word' id='word_1_55' title='bbox 625 385 793 409; x_wconf 83' lang='lat' dir='ltr'>collectionem</span> <span class='ocrx_word' id='word_1_56' title='bbox 810 385 1082 410; x_wconf 79' lang='lat' dir='ltr'>Pseudo-Isidorianam</span> <span class='ocrx_word' id='word_1_57' title='bbox 1104 386 1170 409; x_wconf 82' lang='lat' dir='ltr'>illata</span> 
     </span>
     <span class='ocr_line' id='line_1_8' title="bbox 228 431 1169 463; baseline 0 -8"><span class='ocrx_word' id='word_1_58' title='bbox 228 432 285 461; x_wconf 86' lang='lat' dir='ltr'>sint,</span> <span class='ocrx_word' id='word_1_59' title='bbox 302 435 353 455; x_wconf 87' lang='lat' dir='ltr'>tum</span> <span class='ocrx_word' id='word_1_60' title='bbox 365 431 463 456; x_wconf 87' lang='lat' dir='ltr'>demum</span> <span class='ocrx_word' id='word_1_61' title='bbox 476 435 539 455; x_wconf 89' lang='lat' dir='ltr'>certe</span> <span class='ocrx_word' id='word_1_62' title='bbox 552 431 646 455; x_wconf 87' lang='lat' dir='ltr'>definiri</span> <span class='ocrx_word' id='word_1_63' title='bbox 659 431 745 463; x_wconf 78' lang='lat' dir='ltr'>possit,</span> <span class='ocrx_word' id='word_1_64' title='bbox 762 439 817 455; x_wconf 90' lang='lat' dir='ltr'>cum</span> <span class='ocrx_word' id='word_1_65' title='bbox 828 431 987 463; x_wconf 84' lang='lat' dir='ltr'>manuscripti</span> <span class='ocrx_word' id='word_1_66' title='bbox 999 432 1169 455; x_wconf 82' lang='lat' dir='ltr'>collectionum</span> 
     </span>
     <span class='ocr_line' id='line_1_9' title="bbox 228 476 1169 510; baseline 0 -9"><span class='ocrx_word' id='word_1_67' title='bbox 228 476 360 509; x_wconf 74' lang='lat' dir='ltr'>Hispanae,</span> <span class='ocrx_word' id='word_1_68' title='bbox 369 477 534 510; x_wconf 79' lang='lat' dir='ltr'>Dionysianae</span> <span class='ocrx_word' id='word_1_69' title='bbox 548 477 705 509; x_wconf 79' lang='lat' dir='ltr'>aliarumque,</span> <span class='ocrx_word' id='word_1_70' title='bbox 718 485 731 500; x_wconf 90' lang='lat' dir='ltr'>e</span> <span class='ocrx_word' id='word_1_71' title='bbox 744 476 831 509; x_wconf 88' lang='lat' dir='ltr'>quibus</span> <span class='ocrx_word' id='word_1_72' title='bbox 839 476 1057 501; x_wconf 88' lang='lat' dir='ltr'>Pseudo-Isidorus</span> <span class='ocrx_word' id='word_1_73' title='bbox 1067 477 1169 501; x_wconf 78' lang='lat' dir='ltr'>concilia</span> 
     </span>
     <span class='ocr_line' id='line_1_10' title="bbox 228 518 1168 555; baseline 0 -9"><span class='ocrx_word' id='word_1_74' title='bbox 228 526 252 546; x_wconf 83' lang='lat' dir='ltr'>et.</span> <span class='ocrx_word' id='word_1_75' title='bbox 264 522 396 547; x_wconf 78' lang='lat' dir='ltr'>decretales</span> <span class='ocrx_word' id='word_1_76' title='bbox 409 518 535 555; x_wconf 75' lang='lat' dir='ltr'>excepisse</span> <span class='ocrx_word' id='word_1_77' title='bbox 546 522 648 551; x_wconf 85' lang='lat' dir='ltr'>videtur,</span> <span class='ocrx_word' id='word_1_78' title='bbox 661 531 746 547; x_wconf 88' lang='lat' dir='ltr'>omnes</span> <span class='ocrx_word' id='word_1_79' title='bbox 759 522 894 546; x_wconf 78' lang='lat' dir='ltr'>accuratius</span> <span class='ocrx_word' id='word_1_80' title='bbox 908 523 1004 547; x_wconf 87' lang='lat' dir='ltr'>excussi</span> <span class='ocrx_word' id='word_1_81' title='bbox 1017 527 1093 547; x_wconf 87' lang='lat' dir='ltr'>erunt.</span> <span class='ocrx_word' id='word_1_82' title='bbox 1123 522 1168 546; x_wconf 91' lang='lat' dir='ltr'>Cui</span> 
     </span>
     <span class='ocr_line' id='line_1_11' title="bbox 228 568 1167 600; baseline 0 -8"><span class='ocrx_word' id='word_1_83' title='bbox 228 568 325 600; x_wconf 88' lang='lat' dir='ltr'>incepto</span> <span class='ocrx_word' id='word_1_84' title='bbox 340 577 404 593; x_wconf 86' lang='lat' dir='ltr'>unus</span> <span class='ocrx_word' id='word_1_85' title='bbox 419 569 503 598; x_wconf 88' lang='lat' dir='ltr'>homo,</span> <span class='ocrx_word' id='word_1_86' title='bbox 522 568 632 600; x_wconf 75' lang='lat' dir='ltr'>quamvis</span> <span class='ocrx_word' id='word_1_87' title='bbox 648 568 734 592; x_wconf 87' lang='lat' dir='ltr'>doctus</span> <span class='ocrx_word' id='word_1_88' title='bbox 750 568 782 592; x_wconf 87' lang='lat' dir='ltr'>sit</span> <span class='ocrx_word' id='word_1_89' title='bbox 797 576 825 592; x_wconf 82' lang='lat' dir='ltr'>ae</span> <span class='ocrx_word' id='word_1_90' title='bbox 840 568 988 597; x_wconf 81' lang='lat' dir='ltr'>laboriosus,</span> <span class='ocrx_word' id='word_1_91' title='bbox 1006 577 1056 592; x_wconf 91' lang='lat' dir='ltr'>non</span> <span class='ocrx_word' id='word_1_92' title='bbox 1072 569 1167 597; x_wconf 81' lang='lat' dir='ltr'>suffieit,</span> 
     </span>
     <span class='ocr_line' id='line_1_12' title="bbox 227 610 1136 646; baseline 0.001 -9"><span class='ocrx_word' id='word_1_93' title='bbox 227 614 319 639; x_wconf 87' lang='lat' dir='ltr'>nedum</span> <span class='ocrx_word' id='word_1_94' title='bbox 331 622 384 646; x_wconf 83' lang='lat' dir='ltr'>ego,</span> <span class='ocrx_word' id='word_1_95' title='bbox 397 614 445 638; x_wconf 87' lang='lat' dir='ltr'>mei</span> <span class='ocrx_word' id='word_1_96' title='bbox 457 614 559 638; x_wconf 85' lang='lat' dir='ltr'>instituti</span> <span class='ocrx_word' id='word_1_97' title='bbox 571 610 739 646; x_wconf 78' lang='lat' dir='ltr'>magnitudine</span> <span class='ocrx_word' id='word_1_98' title='bbox 752 614 853 638; x_wconf 80' lang='lat' dir='ltr'>obrutus</span> <span class='ocrx_word' id='word_1_99' title='bbox 866 622 894 637; x_wconf 80' lang='lat' dir='ltr'>ac</span> <span class='ocrx_word' id='word_1_100' title='bbox 906 622 984 646; x_wconf 81' lang='lat' dir='ltr'>prope</span> <span class='ocrx_word' id='word_1_101' title='bbox 996 623 1136 646; x_wconf 86' lang='lat' dir='ltr'>oppressus.</span> 
     </span>
    </p>

    <p class='ocr_par' dir='ltr' id='par_1_3' title="bbox 223 659 1176 1377">
     <span class='ocr_line' id='line_1_13' title="bbox 296 659 1167 692; baseline 0 -9"><span class='ocrx_word' id='word_1_102' title='bbox 296 659 351 689; x_wconf 81' lang='lat' dir='ltr'>Qua</span> <span class='ocrx_word' id='word_1_103' title='bbox 363 668 389 684; x_wconf 86' lang='lat' dir='ltr'>re</span> <span class='ocrx_word' id='word_1_104' title='bbox 402 668 457 684; x_wconf 88' lang='lat' dir='ltr'>cum</span> <span class='ocrx_word' id='word_1_105' title='bbox 469 667 500 684; x_wconf 89' lang='lat' dir='ltr'>ex</span> <span class='ocrx_word' id='word_1_106' title='bbox 514 660 599 683; x_wconf 85' lang='lat' dir='ltr'>itinere</span> <span class='ocrx_word' id='word_1_107' title='bbox 614 659 698 684; x_wconf 87' lang='lat' dir='ltr'>reduci</span> <span class='ocrx_word' id='word_1_108' title='bbox 712 659 771 683; x_wconf 79' lang='lat' dir='ltr'>mihi</span> <span class='ocrx_word' id='word_1_109' title='bbox 786 659 940 692; x_wconf 86' lang='lat' dir='ltr'>propositum</span> <span class='ocrx_word' id='word_1_110' title='bbox 952 663 1026 689; x_wconf 85' lang='lat' dir='ltr'>esset,</span> <span class='ocrx_word' id='word_1_111' title='bbox 1045 664 1072 684; x_wconf 82' lang='lat' dir='ltr'>ut:</span> <span class='ocrx_word' id='word_1_112' title='bbox 1087 660 1167 683; x_wconf 87' lang='lat' dir='ltr'>decre-</span> 
     </span>
     <span class='ocr_line' id='line_1_14' title="bbox 228 705 1167 738; baseline 0 -9"><span class='ocrx_word' id='word_1_113' title='bbox 228 705 288 729; x_wconf 81' lang='lat' dir='ltr'>tales</span> <span class='ocrx_word' id='word_1_114' title='bbox 300 709 394 730; x_wconf 82' lang='lat' dir='ltr'>tantum</span> <span class='ocrx_word' id='word_1_115' title='bbox 404 709 428 730; x_wconf 82' lang='lat' dir='ltr'>et</span> <span class='ocrx_word' id='word_1_116' title='bbox 437 705 543 738; x_wconf 86' lang='lat' dir='ltr'>capitula</span> <span class='ocrx_word' id='word_1_117' title='bbox 551 705 703 737; x_wconf 76' lang='lat' dir='ltr'>Angilramni</span> <span class='ocrx_word' id='word_1_118' title='bbox 717 705 814 729; x_wconf 84' lang='lat' dir='ltr'>ederem</span> <span class='ocrx_word' id='word_1_119' title='bbox 823 709 848 729; x_wconf 84' lang='lat' dir='ltr'>et</span> <span class='ocrx_word' id='word_1_120' title='bbox 859 705 1087 729; x_wconf 80' lang='lat' dir='ltr'>commentationem</span> <span class='ocrx_word' id='word_1_121' title='bbox 1099 714 1167 738; x_wconf 80' lang='lat' dir='ltr'>prae-</span> 
     </span>
     <span class='ocr_line' id='line_1_15' title="bbox 227 750 1176 783; baseline 0 -8"><span class='ocrx_word' id='word_1_122' title='bbox 227 751 346 775; x_wconf 76' lang='lat' dir='ltr'>mitterem</span> <span class='ocrx_word' id='word_1_123' title='bbox 359 752 383 775; x_wconf 93' lang='lat' dir='ltr'>in</span> <span class='ocrx_word' id='word_1_124' title='bbox 393 760 442 783; x_wconf 87' lang='lat' dir='ltr'>qua</span> <span class='ocrx_word' id='word_1_125' title='bbox 451 751 482 775; x_wconf 88' lang='lat' dir='ltr'>de</span> <span class='ocrx_word' id='word_1_126' title='bbox 491 751 604 775; x_wconf 82' lang='lat' dir='ltr'>universa</span> <span class='ocrx_word' id='word_1_127' title='bbox 612 750 808 775; x_wconf 80' lang='lat' dir='ltr'>Pseudo-Isidori</span> <span class='ocrx_word' id='word_1_128' title='bbox 821 751 902 783; x_wconf 86' lang='lat' dir='ltr'>operis</span> <span class='ocrx_word' id='word_1_129' title='bbox 915 751 1009 775; x_wconf 84' lang='lat' dir='ltr'>ratione</span> <span class='ocrx_word' id='word_1_130' title='bbox 1019 759 1176 783; x_wconf 54' lang='lat' dir='ltr'>quaererem„</span> 
     </span>
     <span class='ocr_line' id='line_1_16' title="bbox 227 797 1167 829; baseline 0.001 -9"><span class='ocrx_word' id='word_1_131' title='bbox 227 797 267 828; x_wconf 85' lang='lat' dir='ltr'>qui</span> <span class='ocrx_word' id='word_1_132' title='bbox 280 801 305 820; x_wconf 84' lang='lat' dir='ltr'>et</span> <span class='ocrx_word' id='word_1_133' title='bbox 317 797 400 829; x_wconf 87' lang='lat' dir='ltr'>quales</span> <span class='ocrx_word' id='word_1_134' title='bbox 414 801 495 821; x_wconf 78' lang='lat' dir='ltr'>essent</span> <span class='ocrx_word' id='word_1_135' title='bbox 508 797 604 821; x_wconf 87' lang='lat' dir='ltr'>codices</span> <span class='ocrx_word' id='word_1_136' title='bbox 617 797 774 826; x_wconf 83' lang='lat' dir='ltr'>collectionis,</span> <span class='ocrx_word' id='word_1_137' title='bbox 787 797 829 829; x_wconf 88' lang='lat' dir='ltr'>qui</span> <span class='ocrx_word' id='word_1_138' title='bbox 840 797 916 821; x_wconf 87' lang='lat' dir='ltr'>fuisse</span> <span class='ocrx_word' id='word_1_139' title='bbox 928 797 1067 821; x_wconf 87' lang='lat' dir='ltr'>viderentur</span> <span class='ocrx_word' id='word_1_140' title='bbox 1078 797 1167 826; x_wconf 81' lang='lat' dir='ltr'>sontes,</span> 
     </span>
     <span class='ocr_line' id='line_1_17' title="bbox 227 842 1168 875; baseline 0 -9"><span class='ocrx_word' id='word_1_141' title='bbox 227 850 275 874; x_wconf 83' lang='lat' dir='ltr'>quo</span> <span class='ocrx_word' id='word_1_142' title='bbox 294 846 403 875; x_wconf 84' lang='lat' dir='ltr'>tempore</span> <span class='ocrx_word' id='word_1_143' title='bbox 421 846 445 867; x_wconf 74' lang='lat' dir='ltr'>et</span> <span class='ocrx_word' id='word_1_144' title='bbox 462 842 504 867; x_wconf 89' lang='lat' dir='ltr'>ubi</span> <span class='ocrx_word' id='word_1_145' title='bbox 521 843 586 866; x_wconf 83' lang='lat' dir='ltr'>facta</span> <span class='ocrx_word' id='word_1_146' title='bbox 604 851 633 867; x_wconf 78' lang='lat' dir='ltr'>ea</span> <span class='ocrx_word' id='word_1_147' title='bbox 651 846 724 872; x_wconf 82' lang='lat' dir='ltr'>esset,</span> <span class='ocrx_word' id='word_1_148' title='bbox 743 842 847 874; x_wconf 83' lang='lat' dir='ltr'>denique</span> <span class='ocrx_word' id='word_1_149' title='bbox 866 843 920 875; x_wconf 87' lang='lat' dir='ltr'>quis</span> <span class='ocrx_word' id='word_1_150' title='bbox 938 846 1023 867; x_wconf 78' lang='lat' dir='ltr'>auctor</span> <span class='ocrx_word' id='word_1_151' title='bbox 1039 843 1126 867; x_wconf 85' lang='lat' dir='ltr'>suisset</span> <span class='ocrx_word' id='word_1_152' title='bbox 1144 847 1168 866; x_wconf 89' lang='lat' dir='ltr'>et</span> 
     </span>
     <span class='ocr_line' id='line_1_18' title="bbox 226 887 1168 921; baseline 0.001 -10"><span class='ocrx_word' id='word_1_153' title='bbox 226 887 292 919; x_wconf 93' lang='lat' dir='ltr'>quod</span> <span class='ocrx_word' id='word_1_154' title='bbox 306 888 357 912; x_wconf 89' lang='lat' dir='ltr'>eius</span> <span class='ocrx_word' id='word_1_155' title='bbox 371 888 507 918; x_wconf 89' lang='lat' dir='ltr'>consilium,</span> <span class='ocrx_word' id='word_1_156' title='bbox 520 888 657 912; x_wconf 86' lang='lat' dir='ltr'>Aemilius</span> <span class='ocrx_word' id='word_1_157' title='bbox 669 888 785 912; x_wconf 83' lang='lat' dir='ltr'>Richter</span> <span class='ocrx_word' id='word_1_158' title='bbox 797 888 833 912; x_wconf 91' lang='lat' dir='ltr'>vir</span> <span class='ocrx_word' id='word_1_159' title='bbox 845 887 1010 918; x_wconf 86' lang='lat' dir='ltr'>doctissimus,</span> <span class='ocrx_word' id='word_1_160' title='bbox 1022 892 1168 921; x_wconf 81' lang='lat' dir='ltr'>praeceptor</span> 
     </span>
     <span class='ocr_line' id='line_1_19' title="bbox 226 933 1166 966; baseline 0 -9"><span class='ocrx_word' id='word_1_161' title='bbox 226 942 294 957; x_wconf 84' lang='lat' dir='ltr'>meus</span> <span class='ocrx_word' id='word_1_162' title='bbox 312 933 425 966; x_wconf 85' lang='lat' dir='ltr'>idemque</span> <span class='ocrx_word' id='word_1_163' title='bbox 443 934 602 958; x_wconf 77' lang='lat' dir='ltr'>amicissimus</span> <span class='ocrx_word' id='word_1_164' title='bbox 622 938 706 958; x_wconf 79' lang='lat' dir='ltr'>auctor</span> <span class='ocrx_word' id='word_1_165' title='bbox 723 933 782 957; x_wconf 88' lang='lat' dir='ltr'>mihi</span> <span class='ocrx_word' id='word_1_166' title='bbox 800 933 886 963; x_wconf 83' lang='lat' dir='ltr'>extitit,</span> <span class='ocrx_word' id='word_1_167' title='bbox 906 937 932 958; x_wconf 82' lang='lat' dir='ltr'>ut</span> <span class='ocrx_word' id='word_1_168' title='bbox 949 934 1051 958; x_wconf 85' lang='lat' dir='ltr'>concilia</span> <span class='ocrx_word' id='word_1_169' title='bbox 1068 942 1166 966; x_wconf 89' lang='lat' dir='ltr'>quoque</span> 
     </span>
     <span class='ocr_line' id='line_1_20' title="bbox 226 979 1165 1012; baseline -0.001 -8"><span class='ocrx_word' id='word_1_170' title='bbox 226 983 249 1003; x_wconf 79' lang='lat' dir='ltr'>et</span> <span class='ocrx_word' id='word_1_171' title='bbox 264 980 382 1012; x_wconf 81' lang='lat' dir='ltr'>genuinas</span> <span class='ocrx_word' id='word_1_172' title='bbox 398 979 531 1004; x_wconf 79' lang='lat' dir='ltr'>decretales</span> <span class='ocrx_word' id='word_1_173' title='bbox 547 988 578 1004; x_wconf 85' lang='lat' dir='ltr'>cx</span> <span class='ocrx_word' id='word_1_174' title='bbox 590 979 737 1004; x_wconf 86' lang='lat' dir='ltr'>editionibus</span> <span class='ocrx_word' id='word_1_175' title='bbox 752 980 857 1012; x_wconf 80' lang='lat' dir='ltr'>vulgatis</span> <span class='ocrx_word' id='word_1_176' title='bbox 872 980 1009 1012; x_wconf 81' lang='lat' dir='ltr'>exciperem</span> <span class='ocrx_word' id='word_1_177' title='bbox 1022 983 1046 1004; x_wconf 86' lang='lat' dir='ltr'>et</span> <span class='ocrx_word' id='word_1_178' title='bbox 1057 979 1165 1004; x_wconf 77' lang='lat' dir='ltr'>Pseudo-</span> 
     </span>
     <span class='ocr_line' id='line_1_21' title="bbox 225 1024 1165 1049; baseline 0 0"><span class='ocrx_word' id='word_1_179' title='bbox 225 1024 365 1049; x_wconf 78' lang='lat' dir='ltr'>Isidorianis</span> <span class='ocrx_word' id='word_1_180' title='bbox 384 1025 544 1049; x_wconf 84' lang='lat' dir='ltr'>decretalibus</span> <span class='ocrx_word' id='word_1_181' title='bbox 563 1025 701 1049; x_wconf 87' lang='lat' dir='ltr'>insererem.</span> <span class='ocrx_word' id='word_1_182' title='bbox 738 1024 782 1049; x_wconf 90' lang='lat' dir='ltr'>Cui</span> <span class='ocrx_word' id='word_1_183' title='bbox 801 1025 902 1049; x_wconf 91' lang='lat' dir='ltr'>consilio</span> <span class='ocrx_word' id='word_1_184' title='bbox 918 1034 947 1049; x_wconf 89' lang='lat' dir='ltr'>eo</span> <span class='ocrx_word' id='word_1_185' title='bbox 963 1025 1057 1049; x_wconf 78' lang='lat' dir='ltr'>facilius</span> <span class='ocrx_word' id='word_1_186' title='bbox 1073 1026 1165 1049; x_wconf 86' lang='lat' dir='ltr'>obtem-</span> 
     </span>
     <span class='ocr_line' id='line_1_22' title="bbox 225 1070 1165 1107; baseline 0 -13"><span class='ocrx_word' id='word_1_187' title='bbox 225 1070 318 1102; x_wconf 78' lang='lat' dir='ltr'>peravi,</span> <span class='ocrx_word' id='word_1_188' title='bbox 333 1070 400 1102; x_wconf 85' lang='lat' dir='ltr'>quod</span> <span class='ocrx_word' id='word_1_189' title='bbox 412 1070 458 1094; x_wconf 83' lang='lat' dir='ltr'>hac</span> <span class='ocrx_word' id='word_1_190' title='bbox 469 1070 563 1094; x_wconf 80' lang='lat' dir='ltr'>ratione</span> <span class='ocrx_word' id='word_1_191' title='bbox 575 1071 685 1095; x_wconf 77' lang='lat' dir='ltr'>instituta</span> <span class='ocrx_word' id='word_1_192' title='bbox 697 1074 807 1107; x_wconf 58' lang='lat' dir='ltr'>externa!</span> <span class='ocrx_word' id='word_1_193' title='bbox 823 1074 850 1094; x_wconf 85' lang='lat' dir='ltr'>ut</span> <span class='ocrx_word' id='word_1_194' title='bbox 862 1070 895 1095; x_wconf 86' lang='lat' dir='ltr'>ita</span> <span class='ocrx_word' id='word_1_195' title='bbox 908 1070 996 1100; x_wconf 79' lang='lat' dir='ltr'>dicam,</span> <span class='ocrx_word' id='word_1_196' title='bbox 1015 1071 1165 1095; x_wconf 85' lang='lat' dir='ltr'>collectionis</span> 
     </span>
     <span class='ocr_line' id='line_1_23' title="bbox 225 1116 1164 1149; baseline 0.001 -10"><span class='ocrx_word' id='word_1_197' title='bbox 225 1116 320 1140; x_wconf 83' lang='lat' dir='ltr'>indoles</span> <span class='ocrx_word' id='word_1_198' title='bbox 341 1119 393 1140; x_wconf 85' lang='lat' dir='ltr'>tota</span> <span class='ocrx_word' id='word_1_199' title='bbox 414 1116 460 1140; x_wconf 88' lang='lat' dir='ltr'>sub</span> <span class='ocrx_word' id='word_1_200' title='bbox 478 1125 527 1140; x_wconf 91' lang='lat' dir='ltr'>uno</span> <span class='ocrx_word' id='word_1_201' title='bbox 546 1120 646 1148; x_wconf 79' lang='lat' dir='ltr'>aspectu</span> <span class='ocrx_word' id='word_1_202' title='bbox 666 1116 726 1148; x_wconf 90' lang='lat' dir='ltr'>poni</span> <span class='ocrx_word' id='word_1_203' title='bbox 745 1116 873 1141; x_wconf 87' lang='lat' dir='ltr'>videbatur</span> <span class='ocrx_word' id='word_1_204' title='bbox 891 1120 914 1140; x_wconf 86' lang='lat' dir='ltr'>et</span> <span class='ocrx_word' id='word_1_205' title='bbox 933 1124 995 1148; x_wconf 83' lang='lat' dir='ltr'>quae</span> <span class='ocrx_word' id='word_1_206' title='bbox 1013 1116 1044 1140; x_wconf 89' lang='lat' dir='ltr'>de</span> <span class='ocrx_word' id='word_1_207' title='bbox 1062 1116 1164 1149; x_wconf 85' lang='lat' dir='ltr'>singulis</span> 
     </span>
     <span class='ocr_line' id='line_1_24' title="bbox 225 1161 1164 1194; baseline 0.001 -9"><span class='ocrx_word' id='word_1_208' title='bbox 225 1161 350 1186; x_wconf 86' lang='lat' dir='ltr'>codicibus</span> <span class='ocrx_word' id='word_1_209' title='bbox 369 1165 392 1186; x_wconf 83' lang='lat' dir='ltr'>et</span> <span class='ocrx_word' id='word_1_210' title='bbox 410 1161 440 1186; x_wconf 90' lang='lat' dir='ltr'>de</span> <span class='ocrx_word' id='word_1_211' title='bbox 460 1162 568 1186; x_wconf 89' lang='lat' dir='ltr'>conciliis</span> <span class='ocrx_word' id='word_1_212' title='bbox 586 1162 795 1194; x_wconf 79' lang='lat' dir='ltr'>decretalibusque</span> <span class='ocrx_word' id='word_1_213' title='bbox 811 1171 826 1186; x_wconf 79' lang='lat' dir='ltr'>a</span> <span class='ocrx_word' id='word_1_214' title='bbox 840 1161 1044 1186; x_wconf 86' lang='lat' dir='ltr'>Pseudo-Isidoro</span> <span class='ocrx_word' id='word_1_215' title='bbox 1059 1163 1164 1194; x_wconf 74' lang='lat' dir='ltr'>receptis</span> 
     </span>
     <span class='ocr_line' id='line_1_25' title="bbox 224 1207 1163 1240; baseline 0.001 -10"><span class='ocrx_word' id='word_1_216' title='bbox 224 1207 391 1239; x_wconf 83' lang='lat' dir='ltr'>disputaturus</span> <span class='ocrx_word' id='word_1_217' title='bbox 401 1215 474 1237; x_wconf 78' lang='lat' dir='ltr'>eram,</span> <span class='ocrx_word' id='word_1_218' title='bbox 487 1216 550 1240; x_wconf 83' lang='lat' dir='ltr'>quae</span> <span class='ocrx_word' id='word_1_219' title='bbox 562 1216 617 1232; x_wconf 89' lang='lat' dir='ltr'>cum</span> <span class='ocrx_word' id='word_1_220' title='bbox 630 1207 748 1232; x_wconf 84' lang='lat' dir='ltr'>editiones</span> <span class='ocrx_word' id='word_1_221' title='bbox 762 1211 895 1232; x_wconf 81' lang='lat' dir='ltr'>ceterarum</span> <span class='ocrx_word' id='word_1_222' title='bbox 908 1207 1085 1238; x_wconf 84' lang='lat' dir='ltr'>collectionum,</span> <span class='ocrx_word' id='word_1_223' title='bbox 1098 1208 1163 1232; x_wconf 86' lang='lat' dir='ltr'>velut</span> 
     </span>
     <span class='ocr_line' id='line_1_26' title="bbox 223 1252 1161 1286; baseline 0.001 -10"><span class='ocrx_word' id='word_1_224' title='bbox 223 1252 357 1285; x_wconf 84' lang='lat' dir='ltr'>Hispanae,</span> <span class='ocrx_word' id='word_1_225' title='bbox 379 1252 575 1283; x_wconf 80' lang='lat' dir='ltr'>Quesnellianae,</span> <span class='ocrx_word' id='word_1_226' title='bbox 597 1254 754 1286; x_wconf 85' lang='lat' dir='ltr'>epistolarum</span> <span class='ocrx_word' id='word_1_227' title='bbox 772 1253 861 1277; x_wconf 88' lang='lat' dir='ltr'>Leonis</span> <span class='ocrx_word' id='word_1_228' title='bbox 879 1253 911 1277; x_wconf 88' lang='lat' dir='ltr'>M.</span> <span class='ocrx_word' id='word_1_229' title='bbox 933 1253 1091 1285; x_wconf 70' lang='lat' dir='ltr'>aliarumque,</span> <span class='ocrx_word' id='word_1_230' title='bbox 1113 1262 1161 1277; x_wconf 88' lang='lat' dir='ltr'>non</span> 
     </span>
     <span class='ocr_line' id='line_1_27' title="bbox 223 1298 1162 1331; baseline 0.001 -9"><span class='ocrx_word' id='word_1_231' title='bbox 223 1299 336 1322; x_wconf 86' lang='lat' dir='ltr'>omnibus</span> <span class='ocrx_word' id='word_1_232' title='bbox 352 1302 449 1331; x_wconf 85' lang='lat' dir='ltr'>praesto</span> <span class='ocrx_word' id='word_1_233' title='bbox 465 1299 522 1328; x_wconf 86' lang='lat' dir='ltr'>sint,</span> <span class='ocrx_word' id='word_1_234' title='bbox 540 1308 591 1323; x_wconf 86' lang='lat' dir='ltr'>non</span> <span class='ocrx_word' id='word_1_235' title='bbox 608 1299 642 1323; x_wconf 83' lang='lat' dir='ltr'>ita</span> <span class='ocrx_word' id='word_1_236' title='bbox 659 1299 739 1324; x_wconf 80' lang='lat' dir='ltr'>facilia</span> <span class='ocrx_word' id='word_1_237' title='bbox 755 1302 811 1323; x_wconf 75' lang='lat' dir='ltr'>sunt</span> <span class='ocrx_word' id='word_1_238' title='bbox 826 1298 857 1322; x_wconf 80' lang='lat' dir='ltr'>ad</span> <span class='ocrx_word' id='word_1_239' title='bbox 872 1298 1067 1331; x_wconf 84' lang='lat' dir='ltr'>intelligendum,</span> <span class='ocrx_word' id='word_1_240' title='bbox 1086 1299 1162 1323; x_wconf 76' lang='lat' dir='ltr'>multo</span> 
     </span>
     <span class='ocr_line' id='line_1_28' title="bbox 223 1344 666 1377; baseline 0 -9"><span class='ocrx_word' id='word_1_241' title='bbox 223 1344 316 1368; x_wconf 86' lang='lat' dir='ltr'>minore</span> <span class='ocrx_word' id='word_1_242' title='bbox 329 1345 427 1377; x_wconf 86' lang='lat' dir='ltr'>negotio</span> <span class='ocrx_word' id='word_1_243' title='bbox 440 1348 553 1377; x_wconf 85' lang='lat' dir='ltr'>poterant</span> <span class='ocrx_word' id='word_1_244' title='bbox 565 1344 666 1369; x_wconf 84' lang='lat' dir='ltr'>absolvi.</span> 
     </span>
    </p>

    <p class='ocr_par' dir='ltr' id='par_1_4' title="bbox 220 1390 1162 1605">
     <span class='ocr_line' id='line_1_29' title="bbox 290 1390 1161 1422; baseline 0 -8"><span class='ocrx_word' id='word_1_245' title='bbox 290 1390 341 1414; x_wconf 82' lang='lat' dir='ltr'>lam</span> <span class='ocrx_word' id='word_1_246' title='bbox 363 1390 459 1422; x_wconf 86' lang='lat' dir='ltr'>qualem</span> <span class='ocrx_word' id='word_1_247' title='bbox 479 1390 543 1414; x_wconf 85' lang='lat' dir='ltr'>viam</span> <span class='ocrx_word' id='word_1_248' title='bbox 563 1390 589 1414; x_wconf 89' lang='lat' dir='ltr'>in</span> <span class='ocrx_word' id='word_1_249' title='bbox 611 1391 813 1414; x_wconf 82' lang='lat' dir='ltr'>commentatione</span> <span class='ocrx_word' id='word_1_250' title='bbox 835 1390 866 1414; x_wconf 89' lang='lat' dir='ltr'>de</span> <span class='ocrx_word' id='word_1_251' title='bbox 889 1390 1033 1414; x_wconf 85' lang='lat' dir='ltr'>collectione</span> <span class='ocrx_word' id='word_1_252' title='bbox 1053 1390 1161 1414; x_wconf 84' lang='lat' dir='ltr'>Pseudo-</span> 
     </span>
     <span class='ocr_line' id='line_1_30' title="bbox 223 1435 1162 1468; baseline 0 -9"><span class='ocrx_word' id='word_1_253' title='bbox 223 1435 307 1459; x_wconf 84' lang='lat' dir='ltr'>lsidori</span> <span class='ocrx_word' id='word_1_254' title='bbox 321 1435 420 1460; x_wconf 83' lang='lat' dir='ltr'>editioni</span> <span class='ocrx_word' id='word_1_255' title='bbox 432 1444 501 1460; x_wconf 79' lang='lat' dir='ltr'>meae</span> <span class='ocrx_word' id='word_1_256' title='bbox 514 1436 648 1468; x_wconf 81' lang='lat' dir='ltr'>praemissa</span> <span class='ocrx_word' id='word_1_257' title='bbox 659 1436 784 1468; x_wconf 87' lang='lat' dir='ltr'>ingressus</span> <span class='ocrx_word' id='word_1_258' title='bbox 796 1436 849 1465; x_wconf 88' lang='lat' dir='ltr'>sim,</span> <span class='ocrx_word' id='word_1_259' title='bbox 862 1436 901 1459; x_wconf 85' lang='lat' dir='ltr'>hic</span> <span class='ocrx_word' id='word_1_260' title='bbox 914 1436 1024 1468; x_wconf 82' lang='lat' dir='ltr'>pluribus</span> <span class='ocrx_word' id='word_1_261' title='bbox 1038 1444 1162 1468; x_wconf 74' lang='lat' dir='ltr'>exponere</span> 
     </span>
     <span class='ocr_line' id='line_1_31' title="bbox 221 1481 1161 1514; baseline 0.001 -10"><span class='ocrx_word' id='word_1_262' title='bbox 221 1481 280 1505; x_wconf 88' lang='lat' dir='ltr'>nihil</span> <span class='ocrx_word' id='word_1_263' title='bbox 295 1482 389 1511; x_wconf 81' lang='lat' dir='ltr'>attinet,</span> <span class='ocrx_word' id='word_1_264' title='bbox 407 1490 464 1506; x_wconf 79' lang='lat' dir='ltr'>nam</span> <span class='ocrx_word' id='word_1_265' title='bbox 481 1490 535 1505; x_wconf 90' lang='lat' dir='ltr'>cum</span> <span class='ocrx_word' id='word_1_266' title='bbox 551 1490 582 1505; x_wconf 90' lang='lat' dir='ltr'>ex</span> <span class='ocrx_word' id='word_1_267' title='bbox 596 1481 671 1506; x_wconf 82' lang='lat' dir='ltr'>titulis</span> <span class='ocrx_word' id='word_1_268' title='bbox 688 1482 789 1514; x_wconf 84' lang='lat' dir='ltr'>singulis</span> <span class='ocrx_word' id='word_1_269' title='bbox 802 1481 879 1514; x_wconf 84' lang='lat' dir='ltr'>ipsius</span> <span class='ocrx_word' id='word_1_270' title='bbox 891 1481 1001 1513; x_wconf 85' lang='lat' dir='ltr'>partibus</span> <span class='ocrx_word' id='word_1_271' title='bbox 1014 1485 1038 1505; x_wconf 83' lang='lat' dir='ltr'>et</span> <span class='ocrx_word' id='word_1_272' title='bbox 1050 1482 1161 1513; x_wconf 77' lang='lat' dir='ltr'>capitulis</span> 
     </span>
     <span class='ocr_line' id='line_1_32' title="bbox 221 1526 1161 1559; baseline 0 -9"><span class='ocrx_word' id='word_1_273' title='bbox 221 1527 363 1559; x_wconf 82' lang='lat' dir='ltr'>antepositis</span> <span class='ocrx_word' id='word_1_274' title='bbox 376 1527 434 1552; x_wconf 76' lang='lat' dir='ltr'>satis</span> <span class='ocrx_word' id='word_1_275' title='bbox 447 1530 557 1559; x_wconf 70' lang='lat' dir='ltr'>apparet,</span> <span class='ocrx_word' id='word_1_276' title='bbox 570 1531 620 1551; x_wconf 89' lang='lat' dir='ltr'>tum</span> <span class='ocrx_word' id='word_1_277' title='bbox 634 1527 657 1551; x_wconf 92' lang='lat' dir='ltr'>in</span> <span class='ocrx_word' id='word_1_278' title='bbox 671 1527 724 1559; x_wconf 87' lang='lat' dir='ltr'>ipsa</span> <span class='ocrx_word' id='word_1_279' title='bbox 737 1527 940 1551; x_wconf 78' lang='lat' dir='ltr'>commentatione</span> <span class='ocrx_word' id='word_1_280' title='bbox 953 1527 983 1550; x_wconf 89' lang='lat' dir='ltr'>dc</span> <span class='ocrx_word' id='word_1_281' title='bbox 996 1526 1041 1550; x_wconf 81' lang='lat' dir='ltr'>hac</span> <span class='ocrx_word' id='word_1_282' title='bbox 1053 1535 1079 1550; x_wconf 89' lang='lat' dir='ltr'>re</span> <span class='ocrx_word' id='word_1_283' title='bbox 1092 1535 1161 1550; x_wconf 80' lang='lat' dir='ltr'>accu-</span> 
     </span>
     <span class='ocr_line' id='line_1_33' title="bbox 220 1573 399 1605; baseline 0.006 -9"><span class='ocrx_word' id='word_1_284' title='bbox 220 1577 271 1596; x_wconf 82' lang='lat' dir='ltr'>rate</span> <span class='ocrx_word' id='word_1_285' title='bbox 284 1573 399 1605; x_wconf 80' lang='lat' dir='ltr'>quaesivi.</span> 
     </span>
    </p>

    <p class='ocr_par' dir='ltr' id='par_1_5' title="bbox 219 1618 1160 1697">
     <span class='ocr_line' id='line_1_34' title="bbox 288 1618 1160 1651; baseline -0.001 -9"><span class='ocrx_word' id='word_1_286' title='bbox 288 1618 366 1650; x_wconf 89' lang='lat' dir='ltr'>Ipsius</span> <span class='ocrx_word' id='word_1_287' title='bbox 379 1623 460 1643; x_wconf 82' lang='lat' dir='ltr'>autem</span> <span class='ocrx_word' id='word_1_288' title='bbox 472 1618 584 1643; x_wconf 82' lang='lat' dir='ltr'>editionis</span> <span class='ocrx_word' id='word_1_289' title='bbox 598 1627 661 1651; x_wconf 86' lang='lat' dir='ltr'>quae</span> <span class='ocrx_word' id='word_1_290' title='bbox 674 1619 705 1643; x_wconf 85' lang='lat' dir='ltr'>sit</span> <span class='ocrx_word' id='word_1_291' title='bbox 716 1619 811 1643; x_wconf 85' lang='lat' dir='ltr'>indoles</span> <span class='ocrx_word' id='word_1_292' title='bbox 824 1627 852 1643; x_wconf 82' lang='lat' dir='ltr'>ac</span> <span class='ocrx_word' id='word_1_293' title='bbox 863 1618 925 1642; x_wconf 86' lang='lat' dir='ltr'>ratio</span> <span class='ocrx_word' id='word_1_294' title='bbox 939 1618 978 1650; x_wconf 89' lang='lat' dir='ltr'>qui</span> <span class='ocrx_word' id='word_1_295' title='bbox 992 1619 1092 1649; x_wconf 84' lang='lat' dir='ltr'>quaerit,</span> <span class='ocrx_word' id='word_1_296' title='bbox 1105 1626 1160 1642; x_wconf 88' lang='lat' dir='ltr'>eum</span> 
     </span>
     <span class='ocr_line' id='line_1_35' title="bbox 219 1663 1113 1697; baseline -0.001 -9"><span class='ocrx_word' id='word_1_297' title='bbox 219 1664 285 1688; x_wconf 79' lang='lat' dir='ltr'>adire</span> <span class='ocrx_word' id='word_1_298' title='bbox 297 1664 369 1689; x_wconf 83' lang='lat' dir='ltr'>velim</span> <span class='ocrx_word' id='word_1_299' title='bbox 381 1664 441 1688; x_wconf 88' lang='lat' dir='ltr'>illud</span> <span class='ocrx_word' id='word_1_300' title='bbox 454 1668 536 1697; x_wconf 77' lang='lat' dir='ltr'>caput,</span> <span class='ocrx_word' id='word_1_301' title='bbox 554 1664 621 1696; x_wconf 89' lang='lat' dir='ltr'>quod</span> <span class='ocrx_word' id='word_1_302' title='bbox 634 1664 664 1688; x_wconf 87' lang='lat' dir='ltr'>dc</span> <span class='ocrx_word' id='word_1_303' title='bbox 676 1664 714 1689; x_wconf 87' lang='lat' dir='ltr'>his</span> <span class='ocrx_word' id='word_1_304' title='bbox 726 1665 799 1689; x_wconf 86' lang='lat' dir='ltr'>rebus</span> <span class='ocrx_word' id='word_1_305' title='bbox 812 1664 1010 1689; x_wconf 78' lang='lat' dir='ltr'>commentationi</span> <span class='ocrx_word' id='word_1_306' title='bbox 1023 1663 1113 1687; x_wconf 83' lang='lat' dir='ltr'>addidi.</span> 
     </span>
    </p>
   </div>
  </div>
 </body>
</html>
