1231 1931
283 96 296 116 6
408 127 410 130 .
483 112 487 115 »
619 100 740 119 DECRETA
752 100 912 119 PONTIFICUM

338 157 437 174 secutores
453 154 486 174 vel
500 153 640 174 dilaceratores
654 154 737 174 infames

338 183 378 203 sint
389 186 409 203 et
421 183 480 203 alieni
492 183 534 202 fieri
546 182 631 203 debeant
642 190 654 202 a
666 183 736 203 limita-

338 211 390 231 tibus
400 211 507 231 aecclesiae
515 218 579 238 usque
587 211 613 231 ad
622 211 737 231 satisfactio-

338 247 383 260 nem
395 243 415 260 εἰ
426 239 480 267 quod
491 246 531 260 non
546 241 571 260 sit
585 240 692 260 favendum
707 240 736 260 eis

338 275 375 288 nec
390 268 510 295 loquendum
528 275 577 295 quos
592 268 696 295 episcopus
711 268 736 288 ab

338 297 435 317 aecclesia
446 300 529 324 separat

344 325 402 350 Quod
420 326 528 352 scripturae
545 328 634 345 extortae
655 332 734 353 quoquo

339 354 397 374 modo
411 361 448 381 per
461 357 535 374 metum
550 357 584 374 aut
599 354 687 374 fraudem
703 355 735 374 vel

338 389 373 409 per
384 383 425 402 vim
437 383 509 402 fuerint
520 383 604 409 scriptae
613 383 646 403 ve'l
657 382 735 402 robora-

337 415 370 431 tae
376 418 500 438 quocumque
510 411 590 437 ingenio
599 418 639 431 non
648 411 735 431 habeant

338 439 480 467 praeiudicium
492 440 525 459 vel
534 440 651 460 calumniam
660 443 695 460 aut
706 446 736 460 se-

339 469 498 495 questrationcm.

282 497 339 517 V111.
354 497 386 517 De
398 496 544 517 accusatoribus
556 496 697 523 episcoporum.

282 525 318 546 IX.
333 526 366 545 De
374 526 466 552 passione
475 525 549 545 domini
558 525 579 544 in
588 525 736 545 consecratione

338 554 424 581 corporis
437 554 479 574 eius
490 553 591 573 miscenda
600 557 620 574 et
629 560 680 580 aqua
692 560 736 574 cum

338 583 378 602 sale
390 582 469 609 populis
481 581 621 602 benedicenda.

282 611 307 631 X.
322 612 354 631 De
367 611 405 631 fide
418 614 497 631 sanctae
509 611 607 630 trinitatis.

282 640 318 659 XI.
333 640 365 659 De
377 640 442 659 causis
454 643 474 659 et
485 639 635 666 gravationibus
647 639 735 659 sacerdo-

337 671 379 688 tum
394 671 414 688 et
428 668 482 695 quod
497 668 543 688 boni
558 674 571 688 a
585 668 642 688 malis
657 675 735 695 semper

336 699 485 723 persequantur.

281 326 328 345 VII.

766 154 814 174 XII.
831 154 871 179 Qui
883 154 922 174 sint
933 154 1039 174 familiares
1051 155 1150 175 salvatoris.

765 183 825 203 XIII.
840 183 899 208 Quod
911 190 924 202 a
935 183 1002 203 multis
1016 184 1042 203 sit
1052 184 1154 210 arguendus
1164 188 1180 204 et
1189 192 1198 204 a

822 211 922 231 liminibus
943 212 1051 232 aecclesiae
1070 212 1157 232 arcendus
1172 214 1198 240 qui

822 240 941 266 legationem
953 240 1087 267 episcoporum
1098 241 1170 267 inpedit.

764 268 823 288 XIV.
838 269 870 288 De
882 269 980 296 episcopis
992 270 1027 295 qui
1036 272 1080 288 sunt
1087 269 1135 289 inter
1142 276 1161 290 se
1170 269 1199 289 dis-

820 297 889 317 cordes
901 300 921 317 ct
932 298 1003 317 canino
1018 297 1077 317 dente
1091 304 1111 317 ae
1122 298 1200 318 derodere

821 329 915 346 conantur
926 329 946 345 et
958 325 982 345 de
994 326 1025 346 his
1037 326 1071 352 qui
1082 333 1103 346 se
1111 333 1122 346 a
1131 326 1200 352 collegio

821 354 960 381 episcoporum
983 357 1003 374 st
1025 354 1051 374 ab
1074 355 1146 374 auxilio
1167 355 1201 375 sub

820 386 891 403 traunt.

825 411 857 431 De
869 411 983 431 cohibendis
995 411 1147 431 dissensionibus
1155 414 1173 431 et
1182 412 1202 431 al-

820 440 960 460 tercationibus
972 443 992 459 et
1003 439 1029 459 ds
1041 440 1169 467 opprimendis
1176 440 1202 466 qui

821 468 842 488 in
854 469 923 488 fratres
936 468 1043 488 seditiones
1056 469 1145 488 excitant.

764 497 821 517 XVI.
837 496 891 521 Quid
903 497 967 523 gratia
979 496 1010 516 dei
1022 497 1118 517 conferat:
1133 497 1175 516 item
1185 496 1204 516 ds

822 525 867 545 odio
880 528 899 546 et
911 525 1021 545 dilectione.

764 554 833 574 XVII.
851 554 880 574 Ut
897 554 984 574 vitentur
1001 553 1133 574 detractiones
1151 557 1169 573 et
1183 554 1205 573 in-

821 583 885 602 iustae
896 582 1022 609 pulsationes.

763 611 843 631 XVIII.
859 610 918 635 Quod
932 611 990 631 facile
1005 611 1029 631 sit
1043 611 1143 631 bominem
1157 610 1206 630 verbo

821 640 895 659 fallere.
921 639 972 659 Item
984 639 1009 659 de
1021 640 1075 660 malo
1088 643 1108 660 et
1119 646 1176 666 pravo
1185 639 1206 658 iu-

820 668 879 694 genio
892 671 912 688 et
924 667 948 688 de
960 668 1052 688 cruciatu.

763 411 810 431 XV.

519 742 544 762 V.
567 742 645 762 Tituli
660 741 809 762 decretorum
824 742 887 762 Sixti
902 748 984 769 papae.

282 782 296 802 I.
311 782 415 802 Exortatio
426 781 474 801 boni
486 781 556 808 operis.

282 810 307 830 11.
323 811 355 830 De
367 810 412 830 fide.

282 839 318 859 III.
334 839 393 863 Quod
405 839 522 859 enucleatim
536 838 562 858 sit
573 839 734 865 perscrutandum

337 868 358 887 in
370 867 494 887 accusatione
508 866 583 886 domini
597 867 734 888 ministrorum.

282 896 315 916 IV.
331 896 390 921 Quod
402 896 422 915 in
434 898 503 916 saneta
511 895 620 922 apostolica
629 895 676 916 sede
688 896 734 916 defi-

336 925 399 944 nitum
411 925 436 944 sit
447 927 469 944 ut
480 931 537 944 sacra
548 931 596 944 vasa
604 931 644 944 non
653 924 678 944 ab
690 925 734 945 aliis

335 953 449 973 bominibus
462 955 605 973 contrectentur
614 960 674 980 quam
683 960 696 973 a
705 960 735 973 sa-

337 982 396 1002 cratis
409 981 494 1001 domino.

282 1010 304 1030 V.
320 1010 349 1030 Ut
360 1011 376 1030 si
391 1010 436 1037 quis
451 1011 556 1037 episcopus
570 1011 660 1037 pulsatus
675 1010 734 1030 fuerit

820 782 840 801 in
858 782 926 809 aliqua
943 781 1073 806 adversitate,
1091 782 1172 802 licenter
1185 788 1211 807 ap-

820 810 880 837 pellet
895 811 1023 837 apostolicam
1038 810 1110 831 sedem
1124 813 1144 830 et
1157 810 1172 830 si
1185 816 1211 829 ne-

820 845 875 859 cesse
889 846 929 859 non
943 839 1002 859 fuerit
1016 839 1034 859 ei
1052 839 1080 859 ad
1096 846 1140 859 eam
1154 839 1213 858 venire

820 874 885 894 neque
897 868 1004 894 appellare,
1015 871 1101 888 vocatus
1113 870 1177 887 tamen
1187 873 1213 885 ve-

820 896 863 916 uire
874 903 914 916 non
925 899 1015 916 rennuat.

762 924 798 945 VI.
813 924 843 944 Ut
858 931 916 944 nemo
937 925 1054 951 pontificum
1076 925 1164 952 aliquem
1180 923 1214 943 suis

819 953 878 973 rebus
891 953 1012 980 expoliatum
1027 953 1148 981 episcopum
1162 955 1193 973 aut
1205 958 1216 971 a

820 982 868 1002 sede
879 982 957 1008 pulsum
966 983 1144 1002 excommunicate
1154 984 1185 1001 aut
1193 981 1215 1000 iu-

820 1010 886 1030 dicare
898 1013 1015 1037 praesumat.

472 1055 507 1076 VI.
532 1056 611 1076 Tituli
627 1056 774 1076 decretorum
789 1056 927 1076 Thelesfnri
942 1062 1023 1083 papae.

282 1095 296 1115 1.
310 1095 342 1115 De
354 1095 428 1115 ieiunio
438 1098 513 1122 septem
523 1095 678 1116 ebdomadarum
686 1099 732 1116 ante

282 1152 306 1172 II.
321 1123 474 1172 Dpessucgssamm
491 1152 623 1173 celebratione
640 1152 661 1172 in
674 1155 733 1173 nocte

336 1183 404 1200 sancta
418 1181 489 1201 natalis
504 1181 579 1201 domini
594 1184 614 1201 et
628 1188 668 1208 quo
686 1184 733 1201 tem-

336 1215 384 1236 pore
399 1209 444 1229 aliis
458 1209 527 1230 diebus
544 1210 617 1230 missae
634 1209 733 1230 celebran-

336 1237 374 1257 dae
385 1241 435 1258 sunt.

760 1096 800 1116 111.
814 1097 847 1116 De
858 1096 948 1123 angelico
960 1103 1029 1123 ymno:
1046 1096 1118 1123 gloria
1130 1096 1151 1115 in
1163 1094 1216 1115 excel-

818 1125 845 1145 sis
857 1124 900 1149 deo,
913 1128 932 1145 et
943 1124 969 1145 de
980 1125 1029 1152 ipsis
1038 1132 1084 1145 non
1094 1123 1199 1151 arguendis
1208 1129 1216 1141 ε

761 1181 796 1202 1v.
811 1153 1001 1202 lgzpdldgusatoribus
1016 1185 1037 1201 et
1052 1180 1216 1202 accusationibus.

761 1210 785 1230 V.
802 1210 829 1230 Ut
840 1210 882 1230 sine
894 1210 976 1237 strepitu
987 1211 1165 1230 concertationum
1177 1208 1216 1229 cari

818 1242 848 1259 tas
855 1238 976 1259 custodiatur
985 1242 1004 1258 et
1013 1239 1094 1259 veritus
1101 1238 1216 1259 defendatur

492 1284 539 1304 VIL
562 1283 641 1304 Tituli
655 1283 803 1304 decretorum
818 1284 902 1310 Vigiui
916 1277 997 1311 papae

279 1324 294 1343 Ι,
309 1324 341 1343 De
359 1323 399 1343 fide
420 1323 473 1350 quod
492 1324 544 1344 filius
564 1330 604 1343 non
625 1323 731 1343 secundum

335 1351 428 1372 deitatem
443 1352 505 1372 solam
523 1352 549 1372 sit
563 1352 634 1372 missus
649 1359 661 1372 a
675 1355 731 1378 patre

335 1380 370 1400 sed
382 1380 489 1400 secundum
499 1387 577 1401 carnem
585 1383 605 1400 et
614 1380 667 1407 quod
678 1380 731 1401 idem

334 1409 386 1429 filius
398 1415 420 1428 se
432 1415 511 1435 quoque
522 1409 602 1429 miserit.

277 1438 305 1457 ΙΙ.
326 1437 354 1457 Ut
379 1437 446 1457 nullus
471 1438 632 1464 metropolitanus
656 1437 731 1464 absque

335 1466 422 1486 omnium
434 1466 584 1493 provincialium
596 1466 731 1493 episcoporum

333 1495 445 1521 praesentia
456 1495 566 1522 aliquorum
580 1494 648 1515 audiat
662 1502 731 1515 causas

333 1530 405 1543 eorum.

759 1324 798 1343 111.
813 1324 845 1344 De
857 1323 1025 1344 criminationibus
1037 1325 1147 1345 maiorum
1158 1327 1209 1344 natu.

759 1352 795 1372 IV.
810 1352 842 1372 De
854 1353 963 1379 peregrinis
974 1353 1063 1378 negotiis
1077 1357 1101 1373 et
1113 1353 1199 1373 iudiciis.

759 1381 784 1401 V.
800 1381 829 1401 Ut
841 1381 875 1408 qui
890 1381 1014 1401 innocentem
1029 1381 1066 1401 vel
1083 1382 1171 1402 fratrem
1185 1387 1216 1408 pet

817 1410 914 1436 sequitur,
932 1410 974 1436 ipse
989 1409 1027 1430 sibi
1038 1410 1147 1437 iugulum
1163 1410 1216 1430 morti

816 1438 913 1464 inpingat.

759 1466 795 1487 VI.
810 1467 902 1493 Epistola
916 1466 1003 1487 eiusdem
1015 1466 1188 1488 Atheniensibus
1203 1466 1213 1486 d

816 1498 870 1515 reeta
881 1496 902 1515 in
914 1502 954 1522 qua
966 1498 1041 1515 ortatur
1055 1502 1096 1517 eos
1114 1503 1143 1517 ne
1158 1496 1216 1516 ducas

816 1524 884 1550 iugum
896 1531 940 1544 cum
951 1523 1076 1545 infidelibus.

507 1568 565 1589 vm.
590 1569 668 1589 Tituli
682 1568 830 1590 decretorum
845 1570 884 1590 Pii
898 1576 980 1597 papae.
1021 1568 1024 1571 “

276 1608 291 1628 I.
308 1608 335 1628 Ut
346 1609 366 1628 in
378 1608 411 1628 dio
423 1608 521 1629 dominico
534 1609 608 1635 pascha
616 1609 729 1629 celebretur.

276 1636 302 1656 11.
317 1637 375 1661 Quod
388 1638 497 1663 apostolica
508 1637 565 1657 sedes
576 1640 635 1665 caput
649 1638 675 1658 sit
689 1644 729 1657 om-

331 1666 387 1685 nium
399 1666 530 1686 eeclesiarum.

758 1609 797 1629 111.
813 1609 872 1634 Quod
883 1609 944 1630 nichil
955 1610 1018 1636 prosit
1028 1609 1099 1631 alicui
1114 1618 1154 1632 suo
1167 1617 1216 1631 οτι-οι

814 1645 854 1658 nou
868 1638 939 1664 pollui,
958 1639 974 1658 si
992 1645 1124 1660 eonsensum
1144 1642 1216 1667 praesu

816 1667 893 1686 erranti.
