1231 1931
206 110 243 127 AD
255 110 411 129 ANATOLIUM
422 109 511 140 muso..
525 109 562 128 AD
574 110 733 129 MARTIANUM
745 110 806 129 AUG.

24 160 139 179 Eiusdem
147 161 232 179 Leonis
241 157 268 180 ad
278 162 414 180 Martianum
422 167 490 186 angu-

24 186 91 202 stum
109 184 146 202 ubi
162 185 189 202 de
203 185 244 203 illo
261 190 302 208 pro
316 185 492 203 conservatione

23 207 164 225 catholicas
175 207 233 226 fidei
246 208 384 232 gratulatur.
395 207 491 227 LXXX.1

61 235 108 254 Lao
115 236 212 263 episeopus
219 236 317 264 Manmigo
324 238 410 277 auziiisto.
477 259 481 264 “

62 259 158 280 Quamvis
166 264 200 282 per
208 258 356 283 Constantinopo
371 261 425 278 tanos
438 260 490 278 cleri-

25 287 58 299 cos
75 282 105 299 ad
123 281 214 305 pietatem
228 285 280 300 tuam
298 284 342 301 ante
359 283 490 305 rescripserim,

24 305 111 327 sumptis
118 307 180 323 tamen
187 305 297 323 clementiae
305 307 379 323 vestrae
385 306 451 323 littei-is
457 311 492 328 per

23 328 89 345 virum
98 327 187 346 illustrem
191 328 306 351 praefectum
312 328 362 346 urbis
366 328 423 346 filium
430 334 491 347 meum

25 351 136 369 'l'atianum
148 356 235 374 magnam
249 351 347 369 materiam
359 352 490 375 gratulationis

26 374 105 397 accepi,
112 374 157 397 quia
163 374 307 392 studiosissimos
314 380 347 392 vos
353 374 490 392 ecclesiasticae

25 396 85 423 pacis·
99 397 173 420 agnovi.
203 396 238 415 coi
250 400 315 415 sancto
330 397 421 415 desiderio
434 398 490 421 digne

25 420 490 467 '53:¹¹ssfffflsssstffia'ttffiffibzttffzfflgni

26 465 78 483 lam
93 465 143 484 inter
154 466 247 489 principes
259 466 369 485 christianos
381 466 448 489 spiritu
460 466 490 484 dei

26 488 155 507 confirmante
164 489 291 512 concordiam,
304 489 379 512 gemina
387 494 422 512 pe:
431 491 490 507 totum

26 511 121 529 mundum
132 511 202 529 fiducia
216 511 323 535 roboratur,
339 512 384 535 quia
395 512 490 536 profectus

27 534 117 552 caritatis
123 537 142 552 et
147 534 192 552 fidei
201 536 320 558 utrorumque
327 540 418 553 armorum
424 538 489 558 poten-

27 558 76 575 tiam
89 557 132 575 insu
147 557 234 575 erabilem
246 558 301 581 facit,
313 560 335 575 ut
343 558 444 581 propitiam
456 563 490 585 per

28 586 88 597 unam
97 586 120 598 co
142 580 232 599 essionem
245 581 289 604 deo,
302 581 385 599 simulet
396 581 490 599 haereuoa

29 603 104 621 falsitas
111 605 131 621 et
137 603 217 621 barbara
226 604 333 622 destruatur
339 603 441 626 hostilitas,
450 604 489 627 glo-

29 626 132 644 riosissime
138 626 244 650 imperator.
262 627 325 645 Aucta
331 627 388 650 igitur
393 632 427 654 per
432 627 489 649 impc-

28 649 97 667 rialem
109 649 210 667 amicitiam
219 655 252 672 spo
264 650 349 667 coelestis
359 650 422 667 auxilii
434 649 490 668 eonfi-

29 672 107 689 dontius
122 673 212 695 pietatem
227 674 307 690 vestram
325 678 359 696 pro
374 674 490 690 sacramento

29 695 98 712 salutis
104 695 197 713 humanae
203 695 280 713 incitare
287 700 393 718 praesumo.
400 700 424 713 ne
430 695 489 713 cuius-

30 723 88 740 quam
101 718 175 741 procaci
184 718 324 741 impudentique
336 718 426 745 versutia,
436 718 490 741 quasi

30 742 53 758 «ιε
60 740 134 758 incerto
141 741 185 764 quid
191 741 305 765 sequendum
311 741 341 763 sit,
345 741 411 759 sinatis
417 741 491 764 inquiri.

30 764 55 780 Et
61 769 121 786 quum
128 764 152 782 ab
159 764 267 791 evangelica
277 764 417 787 apostolicaque
423 764 490 782 doctri-

30 786 130 827 natngcfflin
140 792 177 827 nino
187 787 261 828 quidtem-
270 787 326 828 vgiibo
334 787 393 814 'liceat
401 787 491 805 dissidere

31 815 54 826 Ru
113 815 133 828 ΘΙ·
157 815 168 827 e
176 815 211 828 Scri
234 816 272 827 un!
301 816 348 828 vuals
357 816 378 828 ΕΒ
393 815 423 828 ere
448 816 490 828 uam

31 832 83 850 beati
99 832 179 856 apostoli
197 816 224 851 etp
231 835 295 856 patres
313 833 371 851 nostri
379 816 491 851 pdidiecgmnt

31 858 89 878 atque
95 855 204 878 docuerunt,
209 861 258 874 nunc
265 856 338 874 demum
342 856 490 879 indisciplinatae
520 856 533 876 ‘l

32 880 131 896 moventur
142 881 162 896 et
176 879 244 902 impiae
270 879 375 897 uacationes
388 884 435 902 quas
446 879 490 897 olim

31 906 72 919 mox
79 903 102 919 ut
112 907 144 919 eas
153 907 186 924 per
192 904 235 920 acta
244 902 259 919 si
274 902 342 920 icorda
351 902 436 919 diabolus
442 902 490 920 exci-

32 924 86 947 tavit,
93 930 128 951 per
134 925 235 948 discipulos
241 925 325 943 veritatis
331 924 408 948 spiritus
414 927 490 942 sanctus

32 947 117 965 extinxit.
142 947 202 966 Nimis
215 950 276 966 autem
285 948 367 972 iniquum
377 950 414 971 est,
427 950 448 969 ut
457 953 490 971 per

32 976 134 993 paucorum
146 971 270 994 insipientiam
286 971 311 989 ad
323 971 438 989 coniecturas
451 976 462 988 ο
476 971 489 988 i-

32 994 108 1011 iiiontim
117 996 136 1011 et
145 994 277 1012 adcarnalium
287 994 434 1017 disputationum
440 977 490 1012 befla

32 1021 148 1039 revocemur,
158 1019 248 1040 tanquam
257 1019 345 1040 reparata
355 1017 490 1040 disceptatione

32 1041 134 1057 tractatum
142 1040 175 1062 sit,
185 1042 247 1058 utrum
253 1040 341 1057 Eutiches
350 1039 406 1063 impie
412 1039 490 1058 senserit

33 1065 50 1079 ot
57 1065 121 1080 utrum
128 1068 212 1086 perveme
219 1063 319 1081 Dioscorus
325 1063 422 1085 iudicarit,
432 1063 463 1086 qni
470 1063 490 1080 in

33 1087 109 1103 sanctae
118 1086 217 1104 memoriae
224 1085 309 1103 Flaviani
317 1085 489 1104 condemnationem

35 1113 52 1125 ne
59 1108 138 1131 pertulit
144 1111 163 1126 et
168 1108 289 1132 simpliciores
295 1114 378 1132 quosque
387 1109 433 1126 utin
440 1114 489 1126 eam-

34 1131 74 1149 dem
80 1132 153 1149 ruinam
160 1131 312 1154 provolverentur
318 1132 342 1149 im
357 1132 404 1155 egit,
411 1137 489 1154 quorum

33 1154 94 1172 multis
105 1154 150 1177 iam,
161 1156 182 1172 ut
188 1154 316 1178 cognovimus,
327 1160 338 1172 a
357 1154 490 1173 satisfactionis

33 1177 115 1195 remedia
124 1178 216 1195 conversis
228 1179 247 1195 et
259 1177 331 1195 veniam
343 1177 366 1195 de
375 1178 489 1198 inconstanti

34 1200 157 1223 trepidatione
166 1200 295 1223 poscentibus,
307 1206 344 1218 non
354 1200 456 1218 cuiusmodi
466 1201 490 1218 sit

34 1222 78 1241 fides
85 1223 172 1244 tenenda,
177 1223 295 1241 tractandum
302 1225 336 1245 est,
341 1223 373 1241 scd
379 1229 442 1241 eorum
448 1229 489 1247 pre-

34 1246 84 1263 cibus
94 1246 174 1269 qualiter
187 1246 310 1264 annuendum.
329 1246 384 1264 Unde
396 1246 489 1269 piissimae

34 1268 153 1287 sollicitudini
161 1271 234 1287 vestrae
258 1274 300 1287 nam
309 1269 333 1287 de
342 1269 441 1287 indicenda
447 1275 489 1293 syn-

34 1292 67 1309 odo
74 1291 145 1310 habere
155 1292 266 1316 dignamini,
280 1297 313 1315 per
322 1292 433 1316 legationem
440 1298 489 1315 quae

34 1315 130 1333 confestim
145 1315 169 1332 ad
185 1315 302 1332 clementiam
317 1318 396 1333 vestram
408 1315 443 1333 deo
457 1321 488 1333 an-

35 1340 102 1355 nuente
111 1338 215 1360 perveniet,
228 1338 319 1365 quidquid
328 1338 352 1356 ad
362 1343 430 1356 causae
439 1338 489 1356 utili-

34 1363 91 1378 tatem
103 1360 182 1379 arbitror
194 1364 296 1384 pertinere,
309 1361 380 1384 plenius
390 1364 447 1384 atque
456 1366 488 1384 op·

35 1384 130 1405 poi-tonius
139 1386 254 1408 suggeretur.
274 1384 345 1401 Datum
352 1384 387 1402 lX.
393 1384 436 1402 Kal.
443 1384 488 1402 Mai.

34 1406 126 1430 Adelphio
133 1407 171 1425 viro
179 1406 280 1425 clarissimo
286 1407 366 1425 consule.

36 1445 138 1465 Eiusdem
148 1446 232 1465 Leonis
241 1447 269 1465 ad
278 1447 413 1465 Martianum
422 1452 489 1471 augu-

35 1472 90 1487 stum
103 1469 140 1488 ubi
152 1470 212 1488 inter
223 1472 301 1488 cetera
309 1475 348 1493 pro
357 1470 490 1488 defensione

35 1491 89 1510 fidei
105 1492 236 1511 catholicae
251 1493 278 1510 im
297 1493 383 1511 eratori
397 1498 490 1517 congra-

158 1516 250 1534 tuletur.
263 1515 279 1533 L
299 1515 365 1533 xxm

66 1538 108 1556 Lao
114 1538 213 1565 episcopus
220 1538 318 1557 Mam-iaso
324 1544 348 1556 au
375 1541 410 1557 sto.

66 1561 146 1579 Multam
158 1561 203 1579 mihi
215 1561 302 1579 fiduciam
313 1562 350 1580 acri
374 1562 406 1579 ndi
418 1561 442 1580 ad
452 1561 488 1579 cle·

34 1584 120 1602 mentiam
132 1586 213 1602 vestram
225 1586 245 1602 et
258 1584 332 1602 litterae
344 1587 426 1607 vestras,
441 1590 488 1608 quas

35 1609 142 1625 veneranter
154 1607 219 1631 accepi
231 1609 250 1626 et
261 1607 367 1631 coepiscopi
379 1607 415 1626 mei
427 1613 488 1626 rever-

933 106 975 128 607

520 163 581 180 tentes
585 161 748 185 Constantinopoli
754 162 885 186 praebuerunt,
892 168 929 181 non
936 162 976 181 sola

520 184 622 203 assertione
633 185 739 208 vei-borum,
752 185 785 203 sed
796 186 802 203 i
816 186 841 203 ais
850 186 888 204 iam
900 191 976 209 opernm

520 207 617 226 effectibus
627 208 775 227 demonstrantes
814 208 939 227 defensionem
945 214 975 227 ca-

519 231 600 249 tholicae
608 230 653 249 fidei
662 231 744 249 divinum
750 232 769 249 in
775 231 828 249 vobis
836 231 899 255 vigere
905 232 975 255 praesi-

520 254 577 272 dium.
587 253 628 275 Quo
635 254 699 277 utique
705 260 742 272 non
749 254 807 272 solum
814 254 903 273 ccclesias
909 256 975 278 utatur,

520 277 553 295 sed
565 277 621 295 atiani
632 277 689 295 vostri
701 277 757 295 robur
768 277 850 295 munitur
862 277 942 301 impe-rii,
954 279 976 295 ut

519 299 585 317 merito
597 300 637 318 eius
651 300 752 323 expectetis
766 300 909 324 protectionem,
923 300 975 318 cuins

520 322 581 341 colitis
587 323 693 345 veritatem,
702 323 783 346 gloriose
792 323 896 351 imperator.
920 324 974 346 Nam,

519 347 541 363 ut
561 348 580 363 et
600 346 665 363 fratris
683 346 720 364 mei
737 346 822 364 Anatolii
842 346 897 364 citius
917 347 975 364 niani-

519 368 619 387 festaretur
627 369 725 392 integritas
734 371 754 387 et
762 369 806 387 olim
815 369 899 387 damnati
910 369 975 393 erroris

518 392 612 409 redivivus
625 394 706 409 assertor
716 392 776 410 locum
789 392 808 410 in
817 392 885 410 Christi
897 392 976 410 ecclesia

519 419 557 432 non
563 414 647 437 haberet,
651 416 672 432 ut
678 415 765 433 catholici
772 415 860 438 episcopi,
865 421 911 439 quos
917 420 977 439 nuper

519 437 653 455 haereticorum
661 438 781 464 persequutio
792 438 893 461 depravare
899 444 936 456 non
943 444 975 461 po·

518 460 555 478 tuit
567 460 591 478 ab
602 460 675 479 iniustis
690 463 821 479 revocarentur
835 461 902 488 exiliit,¹
917 464 975 485 utque

518 483 601 506 reliquiis
619 483 686 501 heatae
703 484 803 502 memoriae
818 484 902 502 Flaviani
918 484 976 508 digno

518 506 588 524 honore
597 506 697 530 susceptis,
707 507 821 530 impietatem
831 512 883 525 suam
889 507 975 525 condem-

518 531 574 547 nator
580 529 620 547 eius
626 532 741 553 agnosceret,
745 532 817 548 vestrae
824 530 897 548 virtutis
902 530 975 553 timlus,

518 554 590 570 vestras
596 552 674 575 pietatis
680 554 709 570 est
714 553 791 571 fructus.
799 552 834 570 Cui
840 552 913 571 confido
920 553 976 571 etiam

519 575 596 593 aliarum
603 575 684 599 insignia
690 576 827 594 adcumulanda
847 576 945 599 simarum,
954 578 976 594 ut

519 598 567 615 sicut
581 598 704 616 Constantino
718 599 789 617 olitana
804 604 837 616 ece
844 599 883 617 eaia
900 600 976 622 recepta

519 621 634 643 apostolicae
640 621 685 639 fidei
690 621 703 639 li
717 624 777 639 artare
783 622 872 644 laetatur,
879 622 907 640 ita
912 627 976 640 omnes

517 644 571 666 regni
577 644 633 661 vasti-i
643 644 750 667 prov-inciae
760 647 779 662 et
788 645 886 662 mundatas
892 650 913 663 se
919 650 931 663 a
937 644 975 663 din-

518 666 574 685 boiici
586 667 680 690 dogmatis
694 667 806 691 contagione
818 667 925 691 glorientur.
949 667 976 686 Ut

518 695 563 713 ergo
585 690 727 708 raecedentibus
736 690 803 708 litteris
809 690 899 713 indicavi,
908 690 976 709 fratres

518 718 569 730 meos
593 718 679 731 ocensem
688 713 796 740 episcopum
805 715 824 731 et
830 713 919 731 Basilium
925 719 976 736 pres-

519 735 604 762 byterum
614 736 645 759 qui
658 735 786 754 sollicitudinis
798 742 851 754 meae
862 738 926 759 partes
934 742 976 760 pos-

519 760 557 776 sint
562 758 645 785 implere,
653 759 778 781 direxi,favori
784 765 816 777 eos
822 759 899 783 pietatis
905 763 977 777 vestrae

519 781 538 799 iu
545 781 639 804 omnibus,
649 787 698 805 quoe
707 784 750 800 sunt
756 782 831 809 agenda
840 783 977 800 commendans.

519 804 568 822 Nam
577 810 634 828 quum
644 808 663 823 et
671 804 734 823 frati-is
743 810 779 823 mei
786 805 869 823 Anatolii
878 805 951 829 scriptis
958 807 977 823 et

519 829 623 845 nostrorum
630 833 714 846 sermone
720 828 837 851 cognoverim
844 828 912 846 multos
919 828 942 846 de
947 828 977 846 his

533 850 551 867 ui
558 850 608 873 apud
614 850 631 868 E
645 850 709 869 hesum
716 851 800 869 Dioscori
806 851 888 869 factione
894 851 977 874 compul-

519 878 534 890 si
547 873 687 891 detestabilibus
696 874 772 891 statutis
780 874 913 897 poenitendum
923 879 977 897 prae-

519 896 575 913 buere
581 902 700 919 consensum,
710 896 846 915 inconstantiae
852 902 897 914 suae
903 897 976 915 veniam

518 919 613 941 postulare
626 921 645 937 et
658 920 806 937 communionem
820 919 931 937 catholicam
956 925 977 937 ei·

518 941 663 960 satisfactionem
669 942 790 965 corrcpn'onis
796 944 891 966 expetere:
897 948 934 960 non
949 942 977 960 uit

518 964 584 983 talium
590 964 704 992 negligenda
710 966 813 988 conversio,
818 965 850 989 qui
856 971 894 984 non
900 965 975 989 propi-io

518 993 580 1009 sensu,
596 989 629 1006 sed
643 989 722 1012 improbi
734 989 880 1012 praesumptoris
895 988 975 1012 impulsu

518 1010 537 1028 in
544 1011 590 1029 haec
596 1011 683 1029 incidisse
688 1014 795 1034 noscuntur,
800 1012 819 1029 in
825 1011 891 1034 quibus
898 1011 975 1029 liberum

518 1039 556 1052 non
562 1034 643 1052 habuere
652 1034 745 1052 iudicium.
763 1034 792 1052 Ne
798 1035 862 1057 itaque
868 1034 976 1058 mipiscen-

518 1056 565 1074 tium
577 1057 669 1075 desideria
683 1063 735 1076 mora
746 1057 819 1081 longior
832 1057 931 1081 fatigaret,
946 1057 976 1075 vel

518 1079 610 1098 incuriosa
625 1080 706 1098 facilitas
723 1083 792 1098 temere
808 1080 881 1103 aliquos
900 1086 923 1098 ac
936 1080 976 1098 sine

518 1102 628 1121 discretione
634 1104 744 1126 susciperet,
754 1104 856 1122 iniunctum
866 1106 895 1121 eat
901 1104 924 1121 ab
931 1109 975 1126 apo-

519 1125 585 1144 stolica
596 1126 641 1144 aede
656 1126 731 1144 directis
743 1129 765 1144 ut
776 1126 795 1144 in
807 1126 919 1144 consortium
930 1131 975 1144 suae

518 1148 657 1167 deliberationis
673 1149 745 1167 adscito
758 1149 976 1172 Constantinopolitanae

518 1171 568 1189 urbis
580 1172 665 1190 antistite
677 1174 697 1190 et
721 1172 826 1190 estilentiae
838 1172 925 1196 contagia
938 1177 975 1190 non

518 1194 642 1212 admittantur
651 1197 670 1212 et
678 1195 765 1213 sanitatis
775 1195 857 1213 remedia
862 1201 900 1213 non
906 1200 975 1219 negen-

518 1219 554 1235 tur.
575 1217 628 1238 Quae
634 1217 726 1236 industris
733 1218 753 1236 in
759 1218 843 1236 omnihus
853 1223 901 1241 quae
910 1217 974 1241 nequi·

518 1242 547 1258 ter
558 1243 612 1266 gesta
624 1243 667 1258 sunt
679 1241 800 1259 emendandis
811 1241 889 1259 celerem
899 1241 975 1259 iuvante

519 1263 593 1281 domino
600 1266 724 1287 consequetur
732 1264 827 1287 effectum,
837 1264 853 1282 si
862 1264 975 1287 reparationi

517 1286 569 1309 pacis
578 1286 716 1305 ecclesiastieae
725 1293 779 1310 opem
785 1293 838 1305 suani
847 1290 908 1305 vestra
914 1286 975 1310 pietas

518 1309 605 1332 dignetur
621 1309 731 1333 adiungere,
749 1313 770 1328 ut
785 1310 836 1328 vobis
851 1310 879 1327 ita.
895 1315 974 1333 regnan-

518 1332 568 1350 tibus
575 1334 594 1350 et
605 1333 635 1350 dei
644 1338 664 1350 re
691 1339 722 1352 um
731 1333 781 1351 intra
790 1339 822 1350 vos
828 1333 897 1351 hahere
905 1338 975 1350 merea-

517 1355 562 1372 mini
571 1357 591 1373 et
599 1355 711 1374 catholicam
723 1355 778 1374 fidem
790 1355 842 1373 nulla
853 1355 926 1374 falsitas
935 1355 973 1373 vio-

517 1377 553 1400 let,
571 1378 623 1396 nulla
637 1379 717 1397 haeresis
733 1379 824 1402 inquietet
838 1384 873 1396 nec
888 1378 974 1402 cuiquam

517 1401 573 1418 liceat
582 1401 685 1419 doctrinam
695 1407 741 1420 evan
756 1402 821 1420 elioam
831 1402 915 1420 desei-ere
920 1403 974 1419 etso-

517 1423 608 1442 cerdotali
621 1424 690 1442 honore
705 1430 743 1448 gau
757 1430 792 1443 ere.
821 1424 915 1447 Synodum
931 1429 974 1450 vero

517 1446 568 1469 fieri,
579 1449 600 1464 ut
606 1447 689 1465 meminit
695 1450 756 1466 vestra
763 1447 869 1469 clementia,
876 1447 933 1465 etiam
939 1447 974 1470 ipsi

518 1470 641 1496 poposcimus.
669 1470 706 1488 Sed
714 1471 827 1497 'sacerdotes
838 1470 974 1496 provinciarum

518 1495 975 1542 33¹3?Jttssiittzeffliaissq‘fflxfffliz

517 1539 624 1564 provinciae
636 1544 646 1557 e
657 1539 725 1562 quibus
739 1539 817 1557 maxime
829 1541 872 1556 sunt
884 1539 974 1557 evocandi

517 1561 633 1584 inquietante
648 1562 696 1580 bello
712 1561 736 1580 ab
748 1561 831 1580 ecclesiis
843 1561 881 1579 suis
893 1567 925 1580 eos
936 1567 973 1580 non

516 1584 614 1607 patiuntur
634 1585 740 1603 abscedam.
772 1585 825 1603 Unde
846 1584 974 1608 opportuniori

517 1608 595 1631 tempori
613 1608 715 1632 propitiato
731 1607 815 1631 domino,
833 1613 889 1631 qnam
904 1607 974 1626 firmior

79 1654 86 1666 ¹
99 1654 214 1677 Imoriptrec.
219 1654 397 1676 cnd.l²m·.fm.m1ppl.
402 1654 479 1676 lat.840;
489 1654 846 1678 textam.ed,cn's.001l.fflsp.nu.5o.nea.
872 1654 880 1667 ²
892 1654 972 1678 Inscripi.

35 1682 65 1694 xvc.
73 1677 111 1694 cod.
118 1677 157 1698 ci'l.;
169 1680 208 1695 [ext.
215 1683 248 1694 sec.
254 1677 280 1694 211.
288 1677 314 1694 cil.
321 1683 349 1694 no.
357 1679 384 1695 51.
391 1683 410 1700 [ι.
418 1679 444 1695 70.
