<?xml version="1.0" encoding="UTF-8"?>
<!DOCTYPE html PUBLIC "-//W3C//DTD XHTML 1.0 Transitional//EN"
    "http://www.w3.org/TR/xhtml1/DTD/xhtml1-transitional.dtd">
<html xmlns="http://www.w3.org/1999/xhtml" xml:lang="en" lang="en">
 <head>
  <title>
</title>
<meta http-equiv="Content-Type" content="text/html;charset=utf-8" />
  <meta name='ocr-system' content='tesseract 3.04.00' />
  <meta name='ocr-capabilities' content='ocr_page ocr_carea ocr_par ocr_line ocrx_word'/>
</head>
<body>
  <div class='ocr_page' id='page_1' title='image "./decretalespseud00hinsgoog_0017.png"; bbox 0 0 1231 1931; ppageno 0'>
   <div class='ocr_carea' id='block_1_1' title="bbox 287 509 750 534">
    <p class='ocr_par' dir='ltr' id='par_1_1' title="bbox 287 509 750 534">
     <span class='ocr_line' id='line_1_1' title="bbox 287 509 750 534; baseline 0.002 -1"><span class='ocrx_word' id='word_1_1' title='bbox 287 509 520 534; x_wconf 83' lang='lat' dir='ltr'><strong>PRAEFATIO</strong></span> <span class='ocrx_word' id='word_1_2' title='bbox 549 509 750 534; x_wconf 79' lang='lat' dir='ltr'>EDlTORIS.</span> 
     </span>
    </p>
   </div>
   <div class='ocr_carea' id='block_1_2' title="bbox 59 663 992 1701">
    <p class='ocr_par' dir='ltr' id='par_1_2' title="bbox 62 663 988 877">
     <span class='ocr_line' id='line_1_2' title="bbox 116 663 988 697; baseline 0 -9"><span class='ocrx_word' id='word_1_3' title='bbox 116 663 371 688; x_wconf 82' lang='lat' dir='ltr'>Pseudo-Isidorianas</span> <span class='ocrx_word' id='word_1_4' title='bbox 385 664 520 688; x_wconf 74' lang='lat' dir='ltr'>decretales</span> <span class='ocrx_word' id='word_1_5' title='bbox 532 664 590 688; x_wconf 88' lang='lat' dir='ltr'>mihi</span> <span class='ocrx_word' id='word_1_6' title='bbox 603 664 705 694; x_wconf 82' lang='lat' dir='ltr'>edituro,</span> <span class='ocrx_word' id='word_1_7' title='bbox 719 673 774 688; x_wconf 88' lang='lat' dir='ltr'>cum</span> <span class='ocrx_word' id='word_1_8' title='bbox 784 673 846 697; x_wconf 87' lang='lat' dir='ltr'>opus</span> <span class='ocrx_word' id='word_1_9' title='bbox 859 664 988 697; x_wconf 74' lang='lat' dir='ltr'>adgrediar</span> 
     </span>
     <span class='ocr_line' id='line_1_3' title="bbox 62 709 987 742; baseline 0.001 -9"><span class='ocrx_word' id='word_1_10' title='bbox 62 709 93 733; x_wconf 87' lang='lat' dir='ltr'>diu</span> <span class='ocrx_word' id='word_1_11' title='bbox 104 710 250 742; x_wconf 87' lang='lat' dir='ltr'>multumque</span> <span class='ocrx_word' id='word_1_12' title='bbox 264 709 428 733; x_wconf 80' lang='lat' dir='ltr'>desideratum</span> <span class='ocrx_word' id='word_1_13' title='bbox 441 709 472 733; x_wconf 86' lang='lat' dir='ltr'>ab</span> <span class='ocrx_word' id='word_1_14' title='bbox 485 710 599 734; x_wconf 86' lang='lat' dir='ltr'>omnibus</span> <span class='ocrx_word' id='word_1_15' title='bbox 612 710 653 742; x_wconf 86' lang='lat' dir='ltr'>qui</span> <span class='ocrx_word' id='word_1_16' title='bbox 666 718 766 742; x_wconf 82' lang='lat' dir='ltr'>operam</span> <span class='ocrx_word' id='word_1_17' title='bbox 780 714 899 735; x_wconf 75' lang='lat' dir='ltr'>navarunt</span> <span class='ocrx_word' id='word_1_18' title='bbox 913 710 987 734; x_wconf 73' lang='lat' dir='ltr'>histo-</span> 
     </span>
     <span class='ocr_line' id='line_1_4' title="bbox 62 755 987 788; baseline 0.001 -9"><span class='ocrx_word' id='word_1_19' title='bbox 62 755 107 784; x_wconf 72' lang='lat' dir='ltr'>riae,</span> <span class='ocrx_word' id='word_1_20' title='bbox 123 755 273 788; x_wconf 77' lang='lat' dir='ltr'>theologiae,</span> <span class='ocrx_word' id='word_1_21' title='bbox 292 755 337 779; x_wconf 85' lang='lat' dir='ltr'>iuri</span> <span class='ocrx_word' id='word_1_22' title='bbox 356 755 484 785; x_wconf 82' lang='lat' dir='ltr'>canonico,</span> <span class='ocrx_word' id='word_1_23' title='bbox 502 764 552 779; x_wconf 91' lang='lat' dir='ltr'>non</span> <span class='ocrx_word' id='word_1_24' title='bbox 569 755 599 779; x_wconf 89' lang='lat' dir='ltr'>de</span> <span class='ocrx_word' id='word_1_25' title='bbox 614 756 716 780; x_wconf 77' lang='lat' dir='ltr'>utilitate</span> <span class='ocrx_word' id='word_1_26' title='bbox 731 756 811 788; x_wconf 88' lang='lat' dir='ltr'>operis</span> <span class='ocrx_word' id='word_1_27' title='bbox 829 756 925 780; x_wconf 85' lang='lat' dir='ltr'>videtur</span> <span class='ocrx_word' id='word_1_28' title='bbox 940 756 987 780; x_wconf 85' lang='lat' dir='ltr'>dis-</span> 
     </span>
     <span class='ocr_line' id='line_1_5' title="bbox 62 800 987 833; baseline 0.001 -9"><span class='ocrx_word' id='word_1_29' title='bbox 62 801 182 831; x_wconf 77' lang='lat' dir='ltr'>serendum,</span> <span class='ocrx_word' id='word_1_30' title='bbox 202 800 249 825; x_wconf 84' lang='lat' dir='ltr'>sed</span> <span class='ocrx_word' id='word_1_31' title='bbox 265 801 296 825; x_wconf 89' lang='lat' dir='ltr'>de</span> <span class='ocrx_word' id='word_1_32' title='bbox 310 801 350 825; x_wconf 82' lang='lat' dir='ltr'>via</span> <span class='ocrx_word' id='word_1_33' title='bbox 365 805 458 825; x_wconf 83' lang='lat' dir='ltr'>tant-um</span> <span class='ocrx_word' id='word_1_34' title='bbox 474 809 502 825; x_wconf 88' lang='lat' dir='ltr'>ac</span> <span class='ocrx_word' id='word_1_35' title='bbox 517 800 611 825; x_wconf 81' lang='lat' dir='ltr'>ratione</span> <span class='ocrx_word' id='word_1_36' title='bbox 625 810 698 833; x_wconf 85' lang='lat' dir='ltr'>quam</span> <span class='ocrx_word' id='word_1_37' title='bbox 712 802 812 826; x_wconf 84' lang='lat' dir='ltr'>inierim.</span> <span class='ocrx_word' id='word_1_38' title='bbox 849 801 903 831; x_wconf 83' lang='lat' dir='ltr'>Qua</span> <span class='ocrx_word' id='word_1_39' title='bbox 915 801 946 825; x_wconf 85' lang='lat' dir='ltr'>de</span> <span class='ocrx_word' id='word_1_40' title='bbox 961 810 987 825; x_wconf 86' lang='lat' dir='ltr'>re</span> 
     </span>
     <span class='ocr_line' id='line_1_6' title="bbox 62 846 376 877; baseline 0.003 -8"><span class='ocrx_word' id='word_1_41' title='bbox 62 854 111 877; x_wconf 82' lang='lat' dir='ltr'>quae</span> <span class='ocrx_word' id='word_1_42' title='bbox 122 847 222 871; x_wconf 75' lang='lat' dir='ltr'>afferam</span> <span class='ocrx_word' id='word_1_43' title='bbox 234 846 295 870; x_wconf 83' lang='lat' dir='ltr'>haec</span> <span class='ocrx_word' id='word_1_44' title='bbox 307 850 376 871; x_wconf 87' lang='lat' dir='ltr'>sunt:</span> 
     </span>
    </p>

    <p class='ocr_par' dir='ltr' id='par_1_3' title="bbox 59 890 992 1701">
     <span class='ocr_line' id='line_1_7' title="bbox 115 890 987 917; baseline 0 -1"><span class='ocrx_word' id='word_1_45' title='bbox 115 890 172 916; x_wconf 85' lang='lat' dir='ltr'>Cum</span> <span class='ocrx_word' id='word_1_46' title='bbox 192 893 258 916; x_wconf 83' lang='lat' dir='ltr'>inter</span> <span class='ocrx_word' id='word_1_47' title='bbox 275 900 361 916; x_wconf 79' lang='lat' dir='ltr'>ornnes</span> <span class='ocrx_word' id='word_1_48' title='bbox 379 892 476 916; x_wconf 85' lang='lat' dir='ltr'>codices</span> <span class='ocrx_word' id='word_1_49' title='bbox 494 891 753 917; x_wconf 81' lang='lat' dir='ltr'>Pseudo-Isidorianos</span> <span class='ocrx_word' id='word_1_50' title='bbox 769 893 908 917; x_wconf 77' lang='lat' dir='ltr'>auctoribus</span> <span class='ocrx_word' id='word_1_51' title='bbox 923 892 987 916; x_wconf 78' lang='lat' dir='ltr'>Bal-</span> 
     </span>
     <span class='ocr_line' id='line_1_8' title="bbox 61 937 987 971; baseline 0.001 -11"><span class='ocrx_word' id='word_1_52' title='bbox 61 937 153 961; x_wconf 78' lang='lat' dir='ltr'>leriniis</span> <span class='ocrx_word' id='word_1_53' title='bbox 173 938 312 962; x_wconf 70' lang='lat' dir='ltr'><strong>Vaticanus</strong></span> <span class='ocrx_word' id='word_1_54' title='bbox 332 939 380 962; x_wconf 86' lang='lat'>630</span> <span class='ocrx_word' id='word_1_55' title='bbox 401 938 547 971; x_wconf 83' lang='lat' dir='ltr'>archetypus</span> <span class='ocrx_word' id='word_1_56' title='bbox 569 938 719 962; x_wconf 82' lang='lat' dir='ltr'>collectionis</span> <span class='ocrx_word' id='word_1_57' title='bbox 739 938 827 963; x_wconf 76' lang='lat' dir='ltr'>Isidori</span> <span class='ocrx_word' id='word_1_58' title='bbox 846 938 987 962; x_wconf 71' lang='lat' dir='ltr'>Mercator-is</span> 
     </span>
     <span class='ocr_line' id='line_1_9' title="bbox 62 982 987 1017; baseline 0.001 -10"><span class='ocrx_word' id='word_1_59' title='bbox 62 991 102 1006; x_wconf 63' lang='lat' dir='ltr'>esse</span> <span class='ocrx_word' id='word_1_60' title='bbox 110 983 187 1007; x_wconf 76' lang='lat' dir='ltr'>adhuc</span> <span class='ocrx_word' id='word_1_61' title='bbox 199 987 308 1016; x_wconf 81' lang='lat' dir='ltr'>putetur,</span> <span class='ocrx_word' id='word_1_62' title='bbox 320 983 365 1007; x_wconf 74' lang='lat' dir='ltr'>iter</span> <span class='ocrx_word' id='word_1_63' title='bbox 374 983 406 1007; x_wconf 81' lang='lat' dir='ltr'>ad</span> <span class='ocrx_word' id='word_1_64' title='bbox 415 983 598 1016; x_wconf 76' lang='lat' dir='ltr'>investigandos</span> <span class='ocrx_word' id='word_1_65' title='bbox 607 984 786 1017; x_wconf 82' lang='lat' dir='ltr'>manuscriptos</span> <span class='ocrx_word' id='word_1_66' title='bbox 796 993 817 1008; x_wconf 86' lang='lat' dir='ltr'>a.</span> <span class='ocrx_word' id='word_1_67' title='bbox 824 982 987 1008; x_wconf 87' lang='lat' dir='ltr'>MDCCCLX.</span> 
     </span>
     <span class='ocr_line' id='line_1_10' title="bbox 61 1028 988 1062; baseline 0.003 -11"><span class='ocrx_word' id='word_1_68' title='bbox 61 1028 142 1053; x_wconf 81' lang='lat' dir='ltr'>ineunte</span> <span class='ocrx_word' id='word_1_69' title='bbox 154 1029 289 1062; x_wconf 77' lang='lat' dir='ltr'>adgressus</span> <span class='ocrx_word' id='word_1_70' title='bbox 301 1029 406 1062; x_wconf 85' lang='lat' dir='ltr'>primum</span> <span class='ocrx_word' id='word_1_71' title='bbox 418 1029 521 1053; x_wconf 80' lang='lat' dir='ltr'>Romam</span> <span class='ocrx_word' id='word_1_72' title='bbox 532 1037 572 1053; x_wconf 88' lang='lat' dir='ltr'>me</span> <span class='ocrx_word' id='word_1_73' title='bbox 584 1030 683 1060; x_wconf 80' lang='lat' dir='ltr'>contuli,</span> <span class='ocrx_word' id='word_1_74' title='bbox 695 1034 723 1054; x_wconf 73' lang='lat' dir='ltr'>ut</span> <span class='ocrx_word' id='word_1_75' title='bbox 733 1030 786 1062; x_wconf 82' lang='lat' dir='ltr'>ipse</span> <span class='ocrx_word' id='word_1_76' title='bbox 799 1029 908 1054; x_wconf 79' lang='lat' dir='ltr'>codicem</span> <span class='ocrx_word' id='word_1_77' title='bbox 919 1029 988 1054; x_wconf 85' lang='lat' dir='ltr'>illum</span> 
     </span>
     <span class='ocr_line' id='line_1_11' title="bbox 61 1074 987 1110; baseline 0.001 -13"><span class='ocrx_word' id='word_1_78' title='bbox 61 1074 191 1104; x_wconf 83' lang='lat' dir='ltr'>evolverem,</span> <span class='ocrx_word' id='word_1_79' title='bbox 212 1075 281 1099; x_wconf 85' lang='lat' dir='ltr'>euius</span> <span class='ocrx_word' id='word_1_80' title='bbox 293 1075 318 1098; x_wconf 89' lang='lat' dir='ltr'>in</span> <span class='ocrx_word' id='word_1_81' title='bbox 331 1074 438 1110; x_wconf 79' lang='lat' dir='ltr'>editione</span> <span class='ocrx_word' id='word_1_82' title='bbox 450 1075 607 1099; x_wconf 74' lang='lat' dir='ltr'>decretalium</span> <span class='ocrx_word' id='word_1_83' title='bbox 618 1076 767 1100; x_wconf 81' lang='lat' dir='ltr'>instituenda</span> <span class='ocrx_word' id='word_1_84' title='bbox 781 1076 910 1108; x_wconf 78' lang='lat' dir='ltr'>praecipue</span> <span class='ocrx_word' id='word_1_85' title='bbox 925 1075 987 1099; x_wconf 84' lang='lat' dir='ltr'>ratio</span> 
     </span>
     <span class='ocr_line' id='line_1_12' title="bbox 61 1119 987 1153; baseline 0.003 -11"><span class='ocrx_word' id='word_1_86' title='bbox 61 1126 103 1143; x_wconf 72' lang='lat' dir='ltr'>esse</span> <span class='ocrx_word' id='word_1_87' title='bbox 114 1119 226 1144; x_wconf 62' lang='lat' dir='ltr'>habenda</span> <span class='ocrx_word' id='word_1_88' title='bbox 238 1120 373 1145; x_wconf 84' lang='lat' dir='ltr'>videbatur.</span> <span class='ocrx_word' id='word_1_89' title='bbox 398 1120 447 1145; x_wconf 87' lang='lat' dir='ltr'>Sed</span> <span class='ocrx_word' id='word_1_90' title='bbox 460 1129 515 1145; x_wconf 87' lang='lat' dir='ltr'>cum</span> <span class='ocrx_word' id='word_1_91' title='bbox 521 1121 613 1145; x_wconf 83' lang='lat' dir='ltr'>Romae</span> <span class='ocrx_word' id='word_1_92' title='bbox 627 1123 651 1145; x_wconf 77' lang='lat' dir='ltr'>et</span> <span class='ocrx_word' id='word_1_93' title='bbox 661 1121 703 1145; x_wconf 91' lang='lat' dir='ltr'>illo</span> <span class='ocrx_word' id='word_1_94' title='bbox 716 1125 741 1145; x_wconf 80' lang='lat' dir='ltr'>et</span> <span class='ocrx_word' id='word_1_95' title='bbox 752 1121 805 1145; x_wconf 76' lang='lat' dir='ltr'>aliis</span> <span class='ocrx_word' id='word_1_96' title='bbox 817 1121 987 1153; x_wconf 75' lang='lat' dir='ltr'>manuscriptis</span> 
     </span>
     <span class='ocr_line' id='line_1_13' title="bbox 60 1165 988 1199; baseline 0.002 -11"><span class='ocrx_word' id='word_1_97' title='bbox 60 1165 173 1197; x_wconf 80' lang='lat' dir='ltr'>diligenter</span> <span class='ocrx_word' id='word_1_98' title='bbox 182 1166 329 1191; x_wconf 72' lang='lat' dir='ltr'>examinatis</span> <span class='ocrx_word' id='word_1_99' title='bbox 338 1166 511 1191; x_wconf 81' lang='lat' dir='ltr'>intellexissem</span> <span class='ocrx_word' id='word_1_100' title='bbox 523 1174 602 1199; x_wconf 84' lang='lat' dir='ltr'>neque</span> <span class='ocrx_word' id='word_1_101' title='bbox 611 1167 805 1199; x_wconf 76' lang='lat' dir='ltr'>antiquissimum</span> <span class='ocrx_word' id='word_1_102' title='bbox 814 1166 924 1190; x_wconf 80' lang='lat' dir='ltr'>codicem</span> <span class='ocrx_word' id='word_1_103' title='bbox 934 1174 988 1190; x_wconf 88' lang='lat' dir='ltr'>esse</span> 
     </span>
     <span class='ocr_line' id='line_1_14' title="bbox 60 1209 988 1244; baseline 0.002 -10"><span class='ocrx_word' id='word_1_104' title='bbox 60 1209 191 1235; x_wconf 70' lang='lat' dir='ltr'>Vaticanum</span> <span class='ocrx_word' id='word_1_105' title='bbox 206 1219 288 1244; x_wconf 85' lang='lat' dir='ltr'>neque</span> <span class='ocrx_word' id='word_1_106' title='bbox 303 1220 358 1235; x_wconf 87' lang='lat' dir='ltr'>cum</span> <span class='ocrx_word' id='word_1_107' title='bbox 371 1220 433 1244; x_wconf 86' lang='lat' dir='ltr'>quos</span> <span class='ocrx_word' id='word_1_108' title='bbox 446 1212 648 1244; x_wconf 80' lang='lat' dir='ltr'>perlustraveram</span> <span class='ocrx_word' id='word_1_109' title='bbox 664 1212 760 1236; x_wconf 84' lang='lat' dir='ltr'>codices</span> <span class='ocrx_word' id='word_1_110' title='bbox 772 1213 860 1236; x_wconf 85' lang='lat' dir='ltr'>mirum</span> <span class='ocrx_word' id='word_1_111' title='bbox 872 1215 988 1244; x_wconf 78' lang='lat' dir='ltr'>quantum</span> 
     </span>
     <span class='ocr_line' id='line_1_15' title="bbox 59 1255 988 1298; baseline 0.003 -20"><span class='ocrx_word' id='word_1_112' title='bbox 59 1255 110 1280; x_wconf 76' lang='lat' dir='ltr'>inter</span> <span class='ocrx_word' id='word_1_113' title='bbox 120 1265 151 1298; x_wconf 36' lang='lat' dir='ltr'>‘se</span> <span class='ocrx_word' id='word_1_114' title='bbox 170 1257 348 1289; x_wconf 78' lang='lat' dir='ltr'>discreparent,</span> <span class='ocrx_word' id='word_1_115' title='bbox 366 1257 391 1281; x_wconf 94' lang='lat' dir='ltr'>in</span> <span class='ocrx_word' id='word_1_116' title='bbox 410 1266 470 1290; x_wconf 76' lang='lat' dir='ltr'>quas</span> <span class='ocrx_word' id='word_1_117' title='bbox 490 1258 580 1282; x_wconf 76' lang='lat' dir='ltr'>classes</span> <span class='ocrx_word' id='word_1_118' title='bbox 599 1258 696 1282; x_wconf 84' lang='lat' dir='ltr'>codices</span> <span class='ocrx_word' id='word_1_119' title='bbox 714 1257 868 1282; x_wconf 75' lang='lat' dir='ltr'>discederent</span> <span class='ocrx_word' id='word_1_120' title='bbox 885 1261 909 1282; x_wconf 80' lang='lat' dir='ltr'>el:</span> <span class='ocrx_word' id='word_1_121' title='bbox 927 1266 988 1290; x_wconf 81' lang='lat' dir='ltr'>quae</span> 
     </span>
     <span class='ocr_line' id='line_1_16' title="bbox 60 1302 989 1334; baseline 0.001 -9"><span class='ocrx_word' id='word_1_122' title='bbox 60 1302 216 1334; x_wconf 75' lang='lat' dir='ltr'>antiquissima</span> <span class='ocrx_word' id='word_1_123' title='bbox 233 1302 383 1327; x_wconf 78' lang='lat' dir='ltr'>collectionis</span> <span class='ocrx_word' id='word_1_124' title='bbox 400 1304 480 1327; x_wconf 79' lang='lat' dir='ltr'>forma</span> <span class='ocrx_word' id='word_1_125' title='bbox 498 1307 572 1333; x_wconf 78' lang='lat' dir='ltr'>esset,</span> <span class='ocrx_word' id='word_1_126' title='bbox 591 1304 650 1327; x_wconf 88' lang='lat' dir='ltr'>satis</span> <span class='ocrx_word' id='word_1_127' title='bbox 666 1304 737 1328; x_wconf 84' lang='lat' dir='ltr'>certis</span> <span class='ocrx_word' id='word_1_128' title='bbox 752 1303 887 1328; x_wconf 80' lang='lat' dir='ltr'>rationibus</span> <span class='ocrx_word' id='word_1_129' title='bbox 903 1302 989 1327; x_wconf 85' lang='lat' dir='ltr'>diiudi-</span> 
     </span>
     <span class='ocr_line' id='line_1_17' title="bbox 60 1348 989 1381; baseline 0.003 -11"><span class='ocrx_word' id='word_1_130' title='bbox 60 1348 99 1371; x_wconf 75' lang='lat' dir='ltr'>cari</span> <span class='ocrx_word' id='word_1_131' title='bbox 118 1357 201 1380; x_wconf 79' lang='lat' dir='ltr'>posse,</span> <span class='ocrx_word' id='word_1_132' title='bbox 226 1348 273 1372; x_wconf 87' lang='lat' dir='ltr'>nisi</span> <span class='ocrx_word' id='word_1_133' title='bbox 291 1348 364 1372; x_wconf 81' lang='lat' dir='ltr'>etiam</span> <span class='ocrx_word' id='word_1_134' title='bbox 386 1348 447 1373; x_wconf 90' lang='lat' dir='ltr'>alios</span> <span class='ocrx_word' id='word_1_135' title='bbox 466 1352 490 1372; x_wconf 73' lang='lat' dir='ltr'>et.</span> <span class='ocrx_word' id='word_1_136' title='bbox 510 1349 530 1373; x_wconf 92' lang='lat' dir='ltr'>si</span> <span class='ocrx_word' id='word_1_137' title='bbox 548 1349 600 1373; x_wconf 84' lang='lat' dir='ltr'>fieri</span> <span class='ocrx_word' id='word_1_138' title='bbox 620 1353 719 1381; x_wconf 52' lang='lat' dir='ltr'>possets</span> <span class='ocrx_word' id='word_1_139' title='bbox 737 1349 871 1381; x_wconf 78' lang='lat' dir='ltr'>permultos</span> <span class='ocrx_word' id='word_1_140' title='bbox 892 1348 989 1372; x_wconf 80' lang='lat' dir='ltr'>codices</span> 
     </span>
     <span class='ocr_line' id='line_1_18' title="bbox 60 1393 989 1426; baseline 0.001 -10"><span class='ocrx_word' id='word_1_141' title='bbox 60 1394 237 1423; x_wconf 76' lang='lat' dir='ltr'>examinassem,</span> <span class='ocrx_word' id='word_1_142' title='bbox 255 1394 419 1418; x_wconf 74' lang='lat' dir='ltr'>necessarium</span> <span class='ocrx_word' id='word_1_143' title='bbox 432 1394 502 1424; x_wconf 82' lang='lat' dir='ltr'>(luxi,</span> <span class='ocrx_word' id='word_1_144' title='bbox 520 1403 569 1418; x_wconf 90' lang='lat' dir='ltr'>non</span> <span class='ocrx_word' id='word_1_145' title='bbox 583 1395 663 1426; x_wconf 82' lang='lat' dir='ltr'>solum</span> <span class='ocrx_word' id='word_1_146' title='bbox 675 1394 834 1419; x_wconf 76' lang='lat' dir='ltr'>bibliothecas</span> <span class='ocrx_word' id='word_1_147' title='bbox 846 1394 930 1418; x_wconf 81' lang='lat' dir='ltr'>Italiae</span> <span class='ocrx_word' id='word_1_148' title='bbox 946 1393 989 1417; x_wconf 86' lang='lat' dir='ltr'>sed</span> 
     </span>
     <span class='ocr_line' id='line_1_19' title="bbox 61 1438 990 1472; baseline 0.001 -10"><span class='ocrx_word' id='word_1_149' title='bbox 61 1438 121 1463; x_wconf 83' lang='lat' dir='ltr'>etiam</span> <span class='ocrx_word' id='word_1_150' title='bbox 133 1439 237 1469; x_wconf 77' lang='lat' dir='ltr'>Galliae,</span> <span class='ocrx_word' id='word_1_151' title='bbox 248 1439 392 1472; x_wconf 76' lang='lat' dir='ltr'>Hispaniae,</span> <span class='ocrx_word' id='word_1_152' title='bbox 404 1439 519 1472; x_wconf 77' lang='lat' dir='ltr'>Angfiae,</span> <span class='ocrx_word' id='word_1_153' title='bbox 532 1439 683 1470; x_wconf 74' lang='lat' dir='ltr'>Germaniae,</span> <span class='ocrx_word' id='word_1_154' title='bbox 695 1439 820 1464; x_wconf 78' lang='lat' dir='ltr'>Helvetiae</span> <span class='ocrx_word' id='word_1_155' title='bbox 834 1439 900 1464; x_wconf 82' lang='lat' dir='ltr'>adire</span> <span class='ocrx_word' id='word_1_156' title='bbox 913 1442 937 1463; x_wconf 84' lang='lat' dir='ltr'>et</span> <span class='ocrx_word' id='word_1_157' title='bbox 948 1439 990 1471; x_wconf 91' lang='lat' dir='ltr'>qui</span> 
     </span>
     <span class='ocr_line' id='line_1_20' title="bbox 60 1483 990 1518; baseline 0.001 -11"><span class='ocrx_word' id='word_1_158' title='bbox 60 1483 87 1507; x_wconf 85' lang='lat' dir='ltr'>ibi</span> <span class='ocrx_word' id='word_1_159' title='bbox 102 1489 283 1509; x_wconf 70' lang='lat' dir='ltr'>asservarentur</span> <span class='ocrx_word' id='word_1_160' title='bbox 298 1485 394 1509; x_wconf 87' lang='lat' dir='ltr'>codices</span> <span class='ocrx_word' id='word_1_161' title='bbox 410 1494 495 1509; x_wconf 85' lang='lat' dir='ltr'>omnes</span> <span class='ocrx_word' id='word_1_162' title='bbox 511 1486 664 1518; x_wconf 73' lang='lat' dir='ltr'>perlustrare.</span> <span class='ocrx_word' id='word_1_163' title='bbox 700 1485 774 1515; x_wconf 80' lang='lat' dir='ltr'>Quod</span> <span class='ocrx_word' id='word_1_164' title='bbox 792 1486 913 1518; x_wconf 73' lang='lat' dir='ltr'>inceptura</span> <span class='ocrx_word' id='word_1_165' title='bbox 932 1493 990 1509; x_wconf 76' lang='lat' dir='ltr'>sane</span> 
     </span>
     <span class='ocr_line' id='line_1_21' title="bbox 60 1531 990 1564; baseline 0.002 -12"><span class='ocrx_word' id='word_1_166' title='bbox 60 1537 170 1562; x_wconf 79' lang='lat' dir='ltr'>magnum,</span> <span class='ocrx_word' id='word_1_167' title='bbox 184 1535 212 1555; x_wconf 79' lang='lat' dir='ltr'>ut</span> <span class='ocrx_word' id='word_1_168' title='bbox 223 1531 297 1561; x_wconf 81' lang='lat' dir='ltr'>volui,</span> <span class='ocrx_word' id='word_1_169' title='bbox 312 1532 428 1564; x_wconf 79' lang='lat' dir='ltr'>perficere</span> <span class='ocrx_word' id='word_1_170' title='bbox 441 1540 490 1555; x_wconf 88' lang='lat' dir='ltr'>non</span> <span class='ocrx_word' id='word_1_171' title='bbox 503 1531 576 1555; x_wconf 86' lang='lat' dir='ltr'>licuit.</span> <span class='ocrx_word' id='word_1_172' title='bbox 613 1531 734 1561; x_wconf 79' lang='lat' dir='ltr'>Quoniam</span> <span class='ocrx_word' id='word_1_173' title='bbox 747 1532 810 1556; x_wconf 80' lang='lat' dir='ltr'>enim</span> <span class='ocrx_word' id='word_1_174' title='bbox 823 1531 914 1555; x_wconf 84' lang='lat' dir='ltr'>itineris</span> <span class='ocrx_word' id='word_1_175' title='bbox 927 1539 990 1555; x_wconf 90' lang='lat' dir='ltr'>sum-</span> 
     </span>
     <span class='ocr_line' id='line_1_22' title="bbox 61 1576 992 1610; baseline 0.002 -12"><span class='ocrx_word' id='word_1_176' title='bbox 61 1580 107 1605; x_wconf 71' lang='lat' dir='ltr'>ptus</span> <span class='ocrx_word' id='word_1_177' title='bbox 124 1576 168 1600; x_wconf 87' lang='lat' dir='ltr'>nisi</span> <span class='ocrx_word' id='word_1_178' title='bbox 186 1580 257 1609; x_wconf 76' lang='lat' dir='ltr'>pater</span> <span class='ocrx_word' id='word_1_179' title='bbox 273 1585 346 1601; x_wconf 87' lang='lat' dir='ltr'>nemo</span> <span class='ocrx_word' id='word_1_180' title='bbox 363 1577 422 1601; x_wconf 77' lang='lat' dir='ltr'>mihi</span> <span class='ocrx_word' id='word_1_181' title='bbox 443 1577 615 1610; x_wconf 77' lang='lat' dir='ltr'>suppeditabat</span> <span class='ocrx_word' id='word_1_182' title='bbox 634 1586 713 1610; x_wconf 91' lang='lat' dir='ltr'>neque</span> <span class='ocrx_word' id='word_1_183' title='bbox 733 1578 835 1601; x_wconf 79' lang='lat' dir='ltr'>facultas</span> <span class='ocrx_word' id='word_1_184' title='bbox 856 1580 908 1601; x_wconf 75' lang='lat' dir='ltr'>erat</span> <span class='ocrx_word' id='word_1_185' title='bbox 929 1577 992 1600; x_wconf 80' lang='lat' dir='ltr'>ultra</span> 
     </span>
     <span class='ocr_line' id='line_1_23' title="bbox 61 1619 990 1655; baseline 0.001 -11"><span class='ocrx_word' id='word_1_186' title='bbox 61 1619 174 1646; x_wconf 80' lang='lat' dir='ltr'>biennium</span> <span class='ocrx_word' id='word_1_187' title='bbox 191 1622 374 1655; x_wconf 78' lang='lat' dir='ltr'>peregrinandi,</span> <span class='ocrx_word' id='word_1_188' title='bbox 392 1623 531 1647; x_wconf 83' lang='lat' dir='ltr'>necessario</span> <span class='ocrx_word' id='word_1_189' title='bbox 547 1623 571 1647; x_wconf 89' lang='lat' dir='ltr'>in</span> <span class='ocrx_word' id='word_1_190' title='bbox 589 1632 619 1647; x_wconf 83' lang='lat' dir='ltr'>eo</span> <span class='ocrx_word' id='word_1_191' title='bbox 636 1623 838 1655; x_wconf 81' lang='lat' dir='ltr'>acquiescendum</span> <span class='ocrx_word' id='word_1_192' title='bbox 855 1622 913 1646; x_wconf 87' lang='lat' dir='ltr'>mihi</span> <span class='ocrx_word' id='word_1_193' title='bbox 932 1626 990 1652; x_wconf 80' lang='lat' dir='ltr'>erat,</span> 
     </span>
     <span class='ocr_line' id='line_1_24' title="bbox 62 1666 991 1701; baseline 0.002 -11"><span class='ocrx_word' id='word_1_194' title='bbox 62 1670 83 1689; x_wconf 75' lang='lat' dir='ltr'>ut</span> <span class='ocrx_word' id='word_1_195' title='bbox 94 1666 225 1692; x_wconf 79' lang='lat' dir='ltr'>decretales</span> <span class='ocrx_word' id='word_1_196' title='bbox 236 1677 251 1692; x_wconf 86' lang='lat' dir='ltr'>a</span> <span class='ocrx_word' id='word_1_197' title='bbox 262 1668 466 1693; x_wconf 86' lang='lat' dir='ltr'>Pseudo-Isidoro</span> <span class='ocrx_word' id='word_1_198' title='bbox 479 1669 594 1693; x_wconf 80' lang='lat' dir='ltr'>confictas</span> <span class='ocrx_word' id='word_1_199' title='bbox 607 1672 631 1693; x_wconf 85' lang='lat' dir='ltr'>et</span> <span class='ocrx_word' id='word_1_200' title='bbox 644 1668 748 1701; x_wconf 75' lang='lat' dir='ltr'>capitula</span> <span class='ocrx_word' id='word_1_201' title='bbox 757 1668 915 1701; x_wconf 78' lang='lat' dir='ltr'>Angilrunmi‚</span> <span class='ocrx_word' id='word_1_202' title='bbox 929 1676 991 1700; x_wconf 79' lang='lat' dir='ltr'>quae</span> 
     </span>
    </p>
   </div>
  </div>
 </body>
</html>
