1231 1931
362 100 400 118 AD
411 100 557 120 AFRICANOS
569 100 713 119 EPISCOPOS.
966 96 1009 118 625

121 154 149 174 IL
171 154 272 174 Donatum
287 156 352 174 autem
367 154 524 175 Salinicensem¹
539 161 565 175 ex
579 155 697 175 Novatianis
712 162 757 175 cum
774 161 817 179 sua,
834 158 857 175 ut
870 156 1007 183 comperimus.

62 182 123 209 plebe
134 189 259 207 conversum,
270 183 299 203 ita
310 182 408 204 dominico
420 184 511 204 volumus
522 184 580 210 gregi
591 184 713 210 praesidere,
728 187 751 203 ut
762 183 851 204 libellum
863 184 910 204 fidei
923 191 970 205 mse
982 184 1009 204 ad.

62 219 100 231 nos
115 212 226 231 meminerit
241 211 365 238 dirigendum
381 219 419 239 quo
436 215 456 232 et
466 213 576 233 Novatiani
593 212 692 239 dogmatis
707 212 788 232 damnet
802 219 888 233 errorem
904 216 924 233 et
934 213 1007 239 plenis-

63 241 114 260 sime
126 240 242 260 confiteatur
253 241 371 261 catholicam
384 241 493 261 veritatem.
518 241 630 261 Maximum
642 248 721 268 quoque
733 240 771 261 ex⁹
782 241 834 261 laico
845 241 893 261 licet
903 242 1009 268 reprehen-

63 269 148 289 sibiliter
163 269 284 294 ordinatum,
300 272 366 290 tamen
378 270 395 289 si
405 270 512 290 Donatista
523 270 562 289 iam
577 277 618 290 non
629 274 659 290 est
674 273 693 290 et
705 270 730 290 ab
746 270 817 297 spiritu
829 270 953 291 schismatice
965 277 1008 297 pra-

63 298 131 318 vitatis
147 298 222 318 alienus
238 301 275 322 est,
293 298 319 318 ab
333 299 442 325 episcopali
457 305 517 325 quam
531 298 671 325 quoquomodo
686 298 769 325 adeptus
785 302 823 323 est,
841 306 882 319 non
895 299 1008 326 repellimus

64 327 168 353 dignitate,
180 327 208 347 ita
219 330 242 347 ut
253 330 273 347 et
284 327 327 353 ipse
338 327 406 347 libello
419 327 446 347 ad
457 334 493 347 nos
505 327 558 348 edito
570 327 703 348 cbatbolicum
716 334 737 348 se
749 334 792 348 esse
803 328 922 348 manifestet.

121 355 160 377 HJ.
177 356 210 375 De
221 355 303 382 Aggaro
318 358 337 375 ct
350 356 459 376 Tiberiano
474 363 557 383 quorum
572 357 642 376 ceteris
657 356 691 383 qni
706 363 733 376 ex
746 356 802 377 laicis
818 356 903 377 ordinati
918 359 973 381 sunt,
988 357 1009 377 in

63 383 113 404 Ῑιοιιβ
125 391 185 404 causa
200 384 279 404 diversa
294 387 332 409 est,
347 384 401 411 quod
416 391 484 405 eorum
498 384 617 405 ordinationi
632 385 727 405 tumultus
742 388 761 405 et
776 392 835 405 sevae
850 385 958 405 seditiones
969 392 1009 405 me-

63 416 166 433 morantur
177 420 219 433 esse
233 413 349 437 famulatae,
364 416 429 433 vestro
444 413 514 433 iuditio
527 416 597 433 cuncta
609 414 751 439 commisimus,
767 417 789 434 ut
800 414 863 434 relata
874 414 942 434 habito
955 413 1009 441 apud

63 448 100 462 vos
112 442 204 462 examine
215 442 255 462 fide
266 442 315 469 quid
327 441 351 462 de
363 442 480 469 supradictis
492 442 618 463 stamendum
630 442 656 462 sit
668 443 717 462 scire
728 443 831 469 possimus.

122 470 158 490 iv.
179 470 217 491 Ille
232 473 299 491 autem
312 470 398 492 famulae
414 470 446 491 dei
461 478 502 498 qne
515 471 649 497 integritatem
664 471 745 498 pudoris
763 472 891 498 oppressione
905 471 1009 492 barbarica

63 499 174 526 perdidere,
187 499 327 520 hudabiliores
339 503 396 520 erunt
410 500 431 520 in
442 500 554 520 bumilitate
565 507 588 520 ac
597 500 722 525 verecundia,
735 501 752 520 si
764 507 786 520 se
797 500 956 520 incontaminatis
968 507 1009 520 non

64 528 151 548 audeant
162 535 276 555 comparare
287 529 403 555 virginibus.
430 528 526 554 Quamvis
538 529 590 549 enim
602 536 660 549 omne
672 532 774 556 peccatum
787 536 813 549 ex
827 529 929 549 voluntate
941 536 1010 549 nasca-

64 560 97 577 tur
108 560 128 577 et
139 557 226 584 potuerit
237 558 362 584 corruptione
373 557 437 577 carnis
449 564 504 578 mens
516 558 579 578 invita
587 565 628 578 non
639 558 707 584 pollui,
720 558 784 578 minus
793 561 860 578 tamen
874 557 915 578 illis
927 557 1008 582 oberit⁴,

64 586 82 606 si
94 585 148 612 quod
158 586 259 612 potuerint
270 586 335 606 animo
347 593 387 606 non
399 585 507 611 amittere-¹³,
519 586 600 607 doleant
611 593 633 606 se
644 586 678 606 vel
689 585 782 613 (πωροι-οδ
793 586 908 613 perdidisse.

121 614 146 634 V.
162 614 213 635 Cum
224 615 292 641 itaque
304 615 329 635 de
343 615 435 635 omnibns
449 614 512 642 quse⁷
527 615 630 635 confratris
644 615 705 635 nostri
717 615 798 635 Potenti
810 615 879 635 relatio
894 615 1011 635 continebat

64 643 179 669 plenissime
191 643 317 664 dilectionem
329 643 412 664 videatis
424 644 547 668 instructam,
560 647 656 670 superest,
667 644 743 668 fratres,
758 647 781 664 ut
791 643 883 664 concordi
896 644 1009 664 obedientia

64 672 154 692 salubres
166 672 277 699 suscipiatis
289 672 386 698 hortatus,
399 672 450 692 nibil
461 679 497 699 per
508 673 654 693 contentionem
666 676 756 699 agentes,
768 672 804 693 sed
815 672 841 692 ad
853 679 911 693 omne
922 672 1009 693 studium

65 700 177 721 devotionis
191 701 294 721 unamines
309 701 381 721 divinis
396 704 416 721 et
430 702 544 728 apostolicis
558 701 731 721 constitutionibus
745 702 832 728 pareatis
844 704 864 721 et
875 702 896 721 in
908 701 963 721 nullo
975 708 1009 728 pa-

64 730 143 749 tiamini
157 730 192 756 pia
203 736 301 750 canonum
315 729 395 750 decreta
408 730 486 750 violari.
515 730 572 755 Quae
584 730 638 750 enim
652 737 704 750 nunc
716 733 813 750 certarum
824 730 935 750 remisimus
947 730 1009 750 consi-

65 758 168 778 deratione
180 765 287 783 causarum,
300 759 385 785 anfiquis
397 759 491 786 deinceps
503 758 632 779 custodienda
643 762 689 779 sunt
699 759 780 785 regulis,
793 766 818 779 ne
830 758 884 786 quod
895 759 921 778 ad
932 762 1010 785 tempus

64 787 99 814 pia
110 787 192 807 lenitate
204 788 341 812 concessimus,
352 787 437 814 posthac
448 788 524 808 ultione
535 788 649 815 plectamus

87 848 204 866 EIUSDEM
215 847 307 866 LEONIS
319 848 353 866 AD
366 848 510 867 TEODORUM
524 848 734 867 FOROIULIENSEM
745 848 889 866 EPISCOPUM
901 848 933 866 UT
944 847 987 866 ms

116 877 165 900 [QUI
176 877 204 896 IN
215 877 293 895 EXITU
306 877 369 895 SUNT
380 877 548 895 POENITENTIA
559 877 592 895 ET
605 877 741 895 COMMUNIO
754 877 808 895 NON
819 877 956 895 NEGETUR⁸

100 911 141 929 Lao
149 911 253 930 Tnonono
262 911 350 935 episcopo
358 911 482 930 Foroiuliensi
494 917 524 930 sa-
551 912 601 930 Eece
607 917 643 935 ego
647 911 743 930 vobiscum
749 911 877 929 sumomnibus
882 910 1010 934 diebu-usquo

64 935 131 952 lutem.
552 935 577 953 nd
583 935 760 953 consummation-
766 934 830 957 seculi,
834 936 856 952 ut
861 934 877 952 si
883 934 928 957 quid
934 939 968 957 per
972 939 1009 952 ser-

101 957 235 976 Sollicitudinis
244 957 318 981 quidem
328 959 373 976 tune
382 957 418 976 iste
428 957 473 976 ordo
482 963 523 976 esse

65 980 164 1003 debuerat,
173 982 195 998 ut
202 986 243 999 cum
249 981 392 1004 metropolitano
398 983 431 999 tuo
437 981 523 1005 primitus

65 1004 89 1021 de
96 1009 119 1021 eo
127 1004 177 1027 quod
183 1004 310 1031 quaerendum
319 1009 359 1022 esse
365 1004 470 1027 videbatur,
480 1009 522 1022 con-

64 1027 135 1054 senes,—
145 1032 168 1045 ac
177 1033 193 1045 si
202 1026 221 1044 id
231 1027 282 1050 quod
290 1027 391 1051 ignorabat
400 1026 474 1045 dilectio
484 1029 523 1049 tua,

65 1050 124 1068 etiam
130 1055 170 1073 ipse
176 1050 261 1072 nesciret,
272 1050 338 1068 instrui
344 1056 378 1068 vos
384 1050 454 1073 pariter
460 1055 523 1073 posce-

65 1073 117 1095 retis,
130 1072 175 1096 quis
186 1073 205 1091 in
215 1072 276 1091 causis
285 1078 334 1096 quae
343 1073 367 1091 ad
376 1073 482 1097 generalem
492 1072 524 1091 ob-

65 1095 179 1114 servantiam
193 1096 288 1119 pertinent
302 1096 348 1114 nihil
363 1096 403 1114 sine
414 1095 524 1119 pximsfibus

65 1120 142 1141 oportet
159 1118 232 1142 inquiri.
263 1118 300 1137 Sed
315 1119 408 1142 quomodo
421 1119 525 1137 instruatur

66 1141 181 1165 ambiguitas
190 1141 302 1160 consulentis
308 1142 353 1165 quid
360 1142 383 1159 de
388 1142 525 1165 poenitentium

66 1166 118 1182 ststu
124 1164 252 1183 ecclesiastica
257 1165 327 1183 habeat
332 1170 352 1183 re
366 1165 385 1183 ul
407 1170 445 1183 non
451 1165 523 1183 tacebo.

66 1187 167 1211 Multiplex
179 1187 305 1206 misericordia
316 1187 347 1205 dei
359 1190 386 1206 ita
416 1187 480 1211 psibus
490 1188 524 1206 hu-

66 1210 127 1228 manis
139 1210 234 1237 subvenit,
246 1213 267 1229 ut
276 1216 314 1229 non
323 1211 382 1229 solum
391 1216 425 1233 per
436 1210 525 1234 baptismi

66 1233 154 1257 gratiam,
166 1234 199 1251 sed
208 1236 264 1251 etiam
273 1239 308 1257 per
315 1234 443 1257 poenitentiae
449 1234 524 1252 medici-

66 1262 110 1274 nam
117 1262 158 1279 spes
165 1257 214 1274 vitae
220 1259 316 1279 reparetur
322 1258 419 1279 aeternae,
432 1259 453 1274 ut
459 1257 490 1280 qui
496 1262 524 1275 re-

66 1279 192 1305 generationis
199 1280 249 1297 dona
254 1279 354 1298 violassent
360 1279 439 1307 proprio
449 1285 468 1297 ss
478 1279 524 1297 iudi-

66 1308 96 1320 cio
106 1302 252 1320 condemnantes
261 1303 286 1320 ad
294 1302 420 1321 remissionem
429 1303 525 1321 criminum

65 1325 190 1348 pervenirent,
203 1325 229 1343 sic
241 1325 315 1343 divinae
327 1325 417 1344 bonitatis
428 1326 525 1349 praesidiis

66 1348 164 1371 ordinan's,
170 1350 191 1366 ut
197 1348 314 1372 indulgentis
320 1348 356 1371 dei,
363 1348 399 1366 nisi
404 1348 524 1372 supplicat-io-

66 1371 122 1389 nibus
131 1371 248 1389 sacerdotum
257 1373 338 1394 nequeat
344 1371 430 1390 obtineri.
453 1371 525 1389 Medis

67 1397 98 1411 tor
104 1394 154 1412 enim
160 1394 191 1412 dei
197 1396 216 1412 et
221 1394 315 1412 hominum
321 1394 376 1412 homo
382 1394 467 1412 dominus
472 1394 481 1412 1
483 1400 524 1412 esus

67 1417 153 1435 Christus
162 1417 210 1435 hane
222 1417 334 1440 praepositis
346 1417 436 1435 ecclesiae
448 1417 525 1435 tradidit

66 1441 186 1463 potestatem,
199 1442 220 1458 ut
229 1443 248 1458 et
257 1439 388 1459 confitentibus
397 1440 525 1464 poenitentiae

67 1463 183 1481 sanctionem
196 1463 263 1481 darent
274 1465 293 1482 et
305 1464 370 1481 eadem
385 1463 455 1481 salubri
471 1463 525 1481 ntis·

67 1486 150 1504 factione
163 1488 253 1510 purgatos
261 1487 408 1504 communionem
421 1492 524 1505 sacramen-

67 1512 130 1527 torum
155 1514 175 1527 er
187 1509 262 1527 ianuam
274 1509 430 1528 reconciliationis
439 1509 523 1527 admitte·

67 1534 116 1550 rent.
158 1532 162 1536 ¹
170 1532 235 1556 utique
241 1532 292 1556 operi
300 1532 436 1550 incessabiliter
442 1532 482 1556 ipse
489 1532 525 1550 sul-

68 1557 122 1573 vnwr
130 1555 240 1579 intervenit,
252 1561 287 1574 nec
297 1561 380 1579 unquam
392 1555 416 1574 ab
425 1555 454 1573 his
462 1555 525 1573 abest:

115 1601 122 1614 ¹
133 1602 164 1619 Sic
169 1601 312 1620 Novatinensem
317 1607 362 1619 corr.
370 1601 402 1625 (cf.
409 1607 436 1625 op.
443 1601 497 1619 Lean.
503 1602 529 1619 ed.
535 1601 584 1619 Ball.
593 1603 609 1623 1,
615 1602 665 1623 665).

551 958 630 976 vitutem
637 959 719 976 nostram
726 957 775 976 bono
784 957 849 976 ordine
857 959 876 975 st
881 959 935 981 grato
944 957 1009 980 impie-

552 983 582 999 tur
589 981 662 1003 effectu,
673 986 711 999 non
718 980 833 1004 ambigamus
838 985 872 1004 per
878 982 963 998 sanctum
973 980 1009 1003 spi—

551 1004 608 1022 ritum
614 1003 672 1022 fuisse
676 1004 770 1022 donatum.
778 1003 798 1022 Si
804 1005 867 1021 autem
874 1003 1009 1026 aliquiseorum

551 1027 797 1073 tfflssssiflgfflzffl
797 1026 875 1067 §.22³3ss
878 1031 1010 1072 233311352333

552 1073 657 1096 praesentis
666 1073 755 1091 exciderit
764 1075 783 1091 et
792 1073 899 1096 priusquam
908 1072 933 1090 ad
943 1071 1010 1090 consti-

553 1098 596 1113 tuta
606 1096 690 1114 remedia
699 1096 810 1119 perveniret,
823 1095 944 1119 temporalem
953 1095 1011 1112 vitam

553 1119 635 1137 humana
644 1118 750 1137 conditione
760 1118 834 1141 finierit,
847 1118 898 1141 quod
906 1123 983 1136 manens
991 1117 1011 1135 in

553 1147 630 1165 corpore
639 1147 677 1159 non
686 1142 766 1165 recepit,
778 1142 867 1165 consequi
877 1143 943 1159 exutus
954 1146 1011 1159 carne

552 1170 590 1183 non
613 1164 673 1183 oter-it.
692 1164 733 1183 Nec
741 1170 816 1183 necesse
826 1166 854 1183 est
863 1170 897 1182 nos
906 1169 969 1182 eorum
979 1163 1011 1187 qui

553 1188 580 1206 sic
586 1193 596 1206 o
611 1188 666 1205 ierint
671 1188 757 1205 meritum
763 1190 852 1211 actusque
858 1187 956 1209 discutere,
969 1192 1011 1204 cum

554 1210 639 1229 dominus
646 1212 709 1228 noster
725 1211 777 1229 cuius
784 1210 854 1228 iudicia
860 1211 955 1233 nequeunt
960 1215 1010 1227 com-

553 1233 652 1257 prehendi,
669 1224 718 1257 quod
732 1234 846 1252 sacerdotem
864 1232 941 1256 implere
957 1232 1010 1250 mini-

553 1256 630 1274 sterium
637 1262 675 1274 non
681 1256 749 1279 sinivit,
759 1262 804 1274 suae
809 1256 892 1274 iustitiae
898 1257 1011 1273 reservaret:

553 1279 580 1297 ita
592 1281 705 1303 potestatem
717 1285 770 1297 suam
782 1279 842 1297 timeri
854 1279 928 1301 volens,
944 1280 966 1296 ut
980 1278 1011 1296 hic

553 1305 614 1321 terror
626 1302 711 1320 omnibus
722 1302 791 1326 prosit,
807 1304 826 1320 et
838 1302 888 1326 quod
900 1301 1011 1325 quibusdam

554 1325 622 1348 tepidis
631 1327 664 1343 aut
673 1325 810 1349 negligentibus
820 1324 897 1346 accidit,
911 1330 965 1342 nemo
974 1329 1012 1341 non

553 1350 631 1366 metuat.
655 1348 735 1366 Multum
744 1348 793 1366 euim
801 1348 848 1366 utile
857 1353 879 1365 ac
888 1347 1012 1365 necessarium

554 1373 588 1394 est,
598 1373 620 1389 ut
629 1373 748 1395 peccatorum
754 1373 817 1389 reatu-s
823 1373 867 1389 ante
872 1370 958 1388 ultimum
964 1369 1012 1388 diem

553 1394 666 1412 sacerdotali
675 1394 811 1417 supplicatione
822 1393 910 1412 solvatur.
934 1393 1012 1420 Hiran:

553 1419 591 1435 tem
598 1417 630 1441 qui
640 1417 658 1435 in
668 1419 751 1440 tempore
760 1417 876 1435 necessitatis
883 1416 928 1434 etin
934 1415 1012 1439 periculi

553 1440 638 1464 urgentis
645 1440 735 1458 instantia
740 1440 854 1464 praesidium
859 1439 1012 1466 poenitentiae‘et

553 1469 596 1481 mox
610 1463 767 1481 reconciliationis
781 1463 890 1486 imlilorsnt,
907 1467 943 1480 nec
958 1463 1011 1479 satis·

554 1486 611 1504 factio
622 1486 750 1504 intercidenda
758 1488 792 1509 est,
802 1491 838 1504 nec
846 1485 973 1503 reconciliatio
981 1485 1012 1502 de-

554 1509 647 1533 neganda,
660 1509 704 1533 quie
713 1509 850 1527 misericordiae
860 1508 890 1526 dei
899 1513 934 1526 nec
939 1513 1013 1525 mensu—

554 1538 585 1550 ras
607 1538 691 1551 assumus
715 1537 776 1554 onere¹
789 1537 824 1550 uec
835 1534 919 1555 tempora
928 1530 1012 1552 definire,

555 1538 606 1579 apag
612 1560 667 1578 quem
676 1561 689 1573 n
746 1554 818 1578 patitur
826 1555 892 1572 veniae
900 1559 961 1572 moras
967 1559 1013 1571 vera

698 1601 706 1614 2
718 1601 748 1619 Sic
757 1603 775 1619 et
785 1601 858 1618 con-2212
886 1600 895 1613 ³
906 1600 937 1618 Sic
946 1605 967 1618 ac
976 1605 1014 1617 wr-

68 1625 112 1642 ι-αἰ.
140 1624 150 1637 ⁴
161 1625 191 1642 Sic
200 1631 255 1648 opera
264 1625 334 1642 cor-rez'n⁴
342 1631 377 1643 sec.
385 1625 428 1642 Pur.
434 1626 485 1642 ⁸852.
515 1624 524 1637 ὅ
535 1625 563 1642 Sic
572 1624 666 1642 admittere
676 1630 709 1641 sec.
716 1624 754 1641 cod.
760 1624 788 1641 σίι.
796 1629 842 1641 corr.
865 1623 874 1636 ⁸
885 1623 916 1641 Sic
925 1623 1013 1646 corripere

67 1653 101 1665 sec.
109 1648 146 1665 cod.
153 1647 181 1665 1:1¹1.
188 1648 262 1666 correxi.
293 1647 301 1660 ⁷
316 1648 372 1665 Verba
381 1648 464 1666 omnibus
471 1653 517 1670 quse
527 1647 591 1665 omissa
598 1648 617 1664 iri
626 1648 664 1665 cod.
672 1653 706 1664 sec.
713 1650 753 1664 lezi.
760 1647 833 1664 eiusdem
843 1651 881 1669 cap.
888 1649 940 1663 antea
948 1646 1015 1669 prolati

68 1671 139 1688 restitui.
162 1670 171 1684 ⁸
182 1671 263 1694 Iri-script.
269 1676 303 1688 sec.
310 1671 347 1688 cod.
353 1671 397 1688 Par.
405 1671 434 1688 inl.
441 1671 498 1694 suppl.
505 1671 535 1688 lul.
542 1671 584 1693 84ος
597 1673 637 1688 rezi.
644 1676 677 1688 sec.
684 1670 709 1687 ed.
717 1670 744 1688 cit.
751 1670 791 1687 coll.
799 1669 849 1692 Hisp.
855 1675 883 1687 no.
891 1671 919 1687 70.
925 1674 944 1692 p.
951 1671 989 1686 115.

103 1699 185 1714 Domuum
195 1699 310 1714 Praedo-leidar-

813 1699 842 1720 40
