<?xml version="1.0" encoding="UTF-8"?>
<!DOCTYPE html PUBLIC "-//W3C//DTD XHTML 1.0 Transitional//EN"
    "http://www.w3.org/TR/xhtml1/DTD/xhtml1-transitional.dtd">
<html xmlns="http://www.w3.org/1999/xhtml" xml:lang="en" lang="en">
 <head>
  <title>
</title>
<meta http-equiv="Content-Type" content="text/html;charset=utf-8" />
  <meta name='ocr-system' content='tesseract 3.04.00' />
  <meta name='ocr-capabilities' content='ocr_page ocr_carea ocr_par ocr_line ocrx_word'/>
</head>
<body>
  <div class='ocr_page' id='page_1' title='image "./decretalespseud00hinsgoog_0260.png"; bbox 0 0 1231 1931; ppageno 0'>
   <div class='ocr_carea' id='block_1_1' title="bbox 258 88 285 109">
    <p class='ocr_par' dir='ltr' id='par_1_1' title="bbox 258 88 285 109">
     <span class='ocr_line' id='line_1_1' title="bbox 258 88 285 109; baseline -0.037 0"><span class='ocrx_word' id='word_1_1' title='bbox 258 88 285 109; x_wconf 80' lang='lat'><strong>10</strong></span> 
     </span>
    </p>
   </div>
   <div class='ocr_carea' id='block_1_2' title="bbox 256 146 713 851">
    <p class='ocr_par' dir='ltr' id='par_1_2' title="bbox 256 146 710 258">
     <span class='ocr_line' id='line_1_2' title="bbox 256 146 710 179; baseline 0 -13"><span class='ocrx_word' id='word_1_2' title='bbox 256 146 294 166; x_wconf 80' lang='lat' dir='ltr'><strong>XI.</strong></span> <span class='ocrx_word' id='word_1_3' title='bbox 309 146 340 166; x_wconf 88' lang='lat' dir='ltr'><strong>Ne</strong></span> <span class='ocrx_word' id='word_1_4' title='bbox 352 152 392 166; x_wconf 88' lang='lat' dir='ltr'><strong>non</strong></span> <span class='ocrx_word' id='word_1_5' title='bbox 403 146 466 166; x_wconf 82' lang='lat' dir='ltr'><strong>otioso</strong></span> <span class='ocrx_word' id='word_1_6' title='bbox 475 146 631 179; x_wconf 72' lang='lat' dir='ltr'><strong>contemplentur</strong></span> <span class='ocrx_word' id='word_1_7' title='bbox 639 146 710 166; x_wconf 87' lang='lat' dir='ltr'><strong>intuitu</strong></span> 
     </span>
     <span class='ocr_line' id='line_1_3' title="bbox 314 167 710 201; baseline 0 -7"><span class='ocrx_word' id='word_1_8' title='bbox 314 181 365 201; x_wconf 77' lang='lat' dir='ltr'><strong>quae</strong></span> <span class='ocrx_word' id='word_1_9' title='bbox 377 175 430 194; x_wconf 77' lang='lat' dir='ltr'><strong>circa</strong></span> <span class='ocrx_word' id='word_1_10' title='bbox 444 174 513 194; x_wconf 71' lang='lat' dir='ltr'><strong>divina</strong></span> <span class='ocrx_word' id='word_1_11' title='bbox 527 167 614 194; x_wconf 74' lang='lat' dir='ltr'><strong>misteria</strong></span> <span class='ocrx_word' id='word_1_12' title='bbox 628 177 648 195; x_wconf 87' lang='lat' dir='ltr'><strong>et</strong></span> <span class='ocrx_word' id='word_1_13' title='bbox 662 181 710 201; x_wconf 81' lang='lat' dir='ltr'><strong>erga</strong></span> 
     </span>
     <span class='ocr_line' id='line_1_4' title="bbox 314 202 709 230; baseline 0 -7"><span class='ocrx_word' id='word_1_14' title='bbox 314 202 444 230; x_wconf 80' lang='lat' dir='ltr'><strong>baptizandos</strong></span> <span class='ocrx_word' id='word_1_15' title='bbox 472 203 493 222; x_wconf 84' lang='lat' dir='ltr'><strong>in</strong></span> <span class='ocrx_word' id='word_1_16' title='bbox 521 203 613 223; x_wconf 77' lang='lat' dir='ltr'><strong>universo</strong></span> <span class='ocrx_word' id='word_1_17' title='bbox 636 203 709 223; x_wconf 88' lang='lat' dir='ltr'><strong>mundo</strong></span> 
     </span>
     <span class='ocr_line' id='line_1_5' title="bbox 313 231 680 258; baseline 0 -7"><span class='ocrx_word' id='word_1_18' title='bbox 313 234 381 252; x_wconf 80' lang='lat' dir='ltr'><strong>sancta</strong></span> <span class='ocrx_word' id='word_1_19' title='bbox 392 231 488 252; x_wconf 75' lang='lat' dir='ltr'><strong>aecclesia</strong></span> <span class='ocrx_word' id='word_1_20' title='bbox 499 231 622 251; x_wconf 75' lang='lat' dir='ltr'>uniformiter</span> <span class='ocrx_word' id='word_1_21' title='bbox 633 232 680 258; x_wconf 78' lang='lat' dir='ltr'><strong>agit.</strong></span> 
     </span>
    </p>

    <p class='ocr_par' dir='ltr' id='par_1_3' title="bbox 256 260 711 430">
     <span class='ocr_line' id='line_1_6' title="bbox 256 260 709 286; baseline 0 -6"><span class='ocrx_word' id='word_1_22' title='bbox 256 260 306 280; x_wconf 82' lang='lat' dir='ltr'>XII.</span> <span class='ocrx_word' id='word_1_23' title='bbox 320 260 353 280; x_wconf 82' lang='lat' dir='ltr'><strong>De</strong></span> <span class='ocrx_word' id='word_1_24' title='bbox 361 260 515 286; x_wconf 81' lang='lat' dir='ltr'><strong>interrogatione</strong></span> <span class='ocrx_word' id='word_1_25' title='bbox 521 267 580 286; x_wconf 86' lang='lat' dir='ltr'><strong>super</strong></span> <span class='ocrx_word' id='word_1_26' title='bbox 585 260 709 280; x_wconf 75' lang='lat' dir='ltr'>accusatione</span> 
     </span>
     <span class='ocr_line' id='line_1_7' title="bbox 313 288 710 315; baseline 0 -7"><span class='ocrx_word' id='word_1_27' title='bbox 313 288 436 309; x_wconf 68' lang='lat' dir='ltr'><strong>sacerdotum</strong></span> <span class='ocrx_word' id='word_1_28' title='bbox 447 289 499 308; x_wconf 79' lang='lat' dir='ltr'><strong>facta</strong></span> <span class='ocrx_word' id='word_1_29' title='bbox 510 292 530 308; x_wconf 83' lang='lat' dir='ltr'><strong>et</strong></span> <span class='ocrx_word' id='word_1_30' title='bbox 542 288 567 309; x_wconf 84' lang='lat' dir='ltr'><strong>de</strong></span> <span class='ocrx_word' id='word_1_31' title='bbox 581 288 613 308; x_wconf 85' lang='lat' dir='ltr'><strong>his</strong></span> <span class='ocrx_word' id='word_1_32' title='bbox 627 289 662 315; x_wconf 82' lang='lat' dir='ltr'><strong>qui</strong></span> <span class='ocrx_word' id='word_1_33' title='bbox 677 289 710 309; x_wconf 85' lang='lat' dir='ltr'><strong>ad·</strong></span> 
     </span>
     <span class='ocr_line' id='line_1_8' title="bbox 313 316 710 344; baseline 0 -7"><span class='ocrx_word' id='word_1_34' title='bbox 313 316 397 337; x_wconf 79' lang='lat' dir='ltr'><strong>tendunt</strong></span> <span class='ocrx_word' id='word_1_35' title='bbox 407 317 532 343; x_wconf 29' lang='lat' dir='ltr'><strong>multoslnon</strong></span> <span class='ocrx_word' id='word_1_36' title='bbox 546 320 675 344; x_wconf 77' lang='lat' dir='ltr'><strong>congruenter</strong></span> <span class='ocrx_word' id='word_1_37' title='bbox 689 317 710 337; x_wconf 88' lang='lat' dir='ltr'><strong>in</strong></span> 
     </span>
     <span class='ocr_line' id='line_1_9' title="bbox 313 345 710 372; baseline 0.003 -7"><span class='ocrx_word' id='word_1_38' title='bbox 313 346 361 372; x_wconf 86' lang='lat' dir='ltr'><strong>ipsis</strong></span> <span class='ocrx_word' id='word_1_39' title='bbox 369 345 477 366; x_wconf 84' lang='lat' dir='ltr'><strong>honoribus</strong></span> <span class='ocrx_word' id='word_1_40' title='bbox 486 346 635 366; x_wconf 67' lang='lat' dir='ltr'><strong>aecclesiasticis</strong></span> <span class='ocrx_word' id='word_1_41' title='bbox 642 346 710 366; x_wconf 82' lang='lat' dir='ltr'><strong>vivore</strong></span> 
     </span>
     <span class='ocr_line' id='line_1_10' title="bbox 314 374 711 402; baseline 0 -8"><span class='ocrx_word' id='word_1_42' title='bbox 314 374 436 394; x_wconf 68' lang='lat' dir='ltr'>sermonibus</span> <span class='ocrx_word' id='word_1_43' title='bbox 447 377 467 394; x_wconf 86' lang='lat' dir='ltr'><strong>et</strong></span> <span class='ocrx_word' id='word_1_44' title='bbox 478 375 604 394; x_wconf 77' lang='lat' dir='ltr'><strong>sacramentis</strong></span> <span class='ocrx_word' id='word_1_45' title='bbox 612 381 664 401; x_wconf 76' lang='lat' dir='ltr'><strong>quas</strong></span> <span class='ocrx_word' id='word_1_46' title='bbox 675 381 711 402; x_wconf 83' lang='lat' dir='ltr'><strong>per</strong></span> 
     </span>
     <span class='ocr_line' id='line_1_11' title="bbox 314 403 589 430; baseline 0.004 -8"><span class='ocrx_word' id='word_1_47' title='bbox 314 409 348 423; x_wconf 85' lang='lat' dir='ltr'><strong>eos</strong></span> <span class='ocrx_word' id='word_1_48' title='bbox 359 403 437 430; x_wconf 82' lang='lat' dir='ltr'><strong>populis</strong></span> <span class='ocrx_word' id='word_1_49' title='bbox 449 403 589 423; x_wconf 71' lang='lat' dir='ltr'><strong>ministrantur.</strong></span> 
     </span>
    </p>

    <p class='ocr_par' dir='ltr' id='par_1_4' title="bbox 258 431 527 452">
     <span class='ocr_line' id='line_1_12' title="bbox 258 431 527 452; baseline 0 -1"><span class='ocrx_word' id='word_1_50' title='bbox 258 432 318 451; x_wconf 81' lang='lat' dir='ltr'>XIII.</span> <span class='ocrx_word' id='word_1_51' title='bbox 333 432 365 451; x_wconf 87' lang='lat' dir='ltr'><strong>De</strong></span> <span class='ocrx_word' id='word_1_52' title='bbox 376 431 527 452; x_wconf 71' lang='lat' dir='ltr'><strong>accusatoribus.</strong></span> 
     </span>
    </p>

    <p class='ocr_par' dir='ltr' id='par_1_5' title="bbox 258 459 711 515">
     <span class='ocr_line' id='line_1_13' title="bbox 258 459 711 480; baseline 0 0"><span class='ocrx_word' id='word_1_53' title='bbox 258 460 316 480; x_wconf 84' lang='lat' dir='ltr'>XIV.</span> <span class='ocrx_word' id='word_1_54' title='bbox 330 460 363 480; x_wconf 85' lang='lat' dir='ltr'><strong>De</strong></span> <span class='ocrx_word' id='word_1_55' title='bbox 379 461 502 480; x_wconf 67' lang='lat' dir='ltr'><strong>contentione</strong></span> <span class='ocrx_word' id='word_1_56' title='bbox 516 459 599 480; x_wconf 79' lang='lat' dir='ltr'><strong>vitanda</strong></span> <span class='ocrx_word' id='word_1_57' title='bbox 613 463 634 480; x_wconf 89' lang='lat' dir='ltr'><strong>et</strong></span> <span class='ocrx_word' id='word_1_58' title='bbox 648 460 711 480; x_wconf 76' lang='lat' dir='ltr'><strong>fiatri-</strong></span> 
     </span>
     <span class='ocr_line' id='line_1_14' title="bbox 315 489 710 515; baseline 0.003 -7"><span class='ocrx_word' id='word_1_59' title='bbox 315 489 352 509; x_wconf 88' lang='lat' dir='ltr'><strong>bus</strong></span> <span class='ocrx_word' id='word_1_60' title='bbox 363 489 385 508; x_wconf 91' lang='lat' dir='ltr'><strong>in</strong></span> <span class='ocrx_word' id='word_1_61' title='bbox 396 489 486 508; x_wconf 86' lang='lat' dir='ltr'><strong>omnibus</strong></span> <span class='ocrx_word' id='word_1_62' title='bbox 498 489 571 509; x_wconf 84' lang='lat' dir='ltr'><strong>solacio</strong></span> <span class='ocrx_word' id='word_1_63' title='bbox 586 489 710 515; x_wconf 79' lang='lat' dir='ltr'><strong>praestando.</strong></span> 
     </span>
    </p>

    <p class='ocr_par' dir='ltr' id='par_1_6' title="bbox 258 517 637 544">
     <span class='ocr_line' id='line_1_15' title="bbox 258 517 637 544; baseline 0 -7"><span class='ocrx_word' id='word_1_64' title='bbox 258 517 304 537; x_wconf 89' lang='lat' dir='ltr'><strong>XV.</strong></span> <span class='ocrx_word' id='word_1_65' title='bbox 319 517 352 537; x_wconf 91' lang='lat' dir='ltr'><strong>De</strong></span> <span class='ocrx_word' id='word_1_66' title='bbox 363 518 443 544; x_wconf 89' lang='lat' dir='ltr'><strong>proprio</strong></span> <span class='ocrx_word' id='word_1_67' title='bbox 455 517 524 537; x_wconf 83' lang='lat' dir='ltr'><strong>ordine</strong></span> <span class='ocrx_word' id='word_1_68' title='bbox 535 517 637 538; x_wconf 83' lang='lat' dir='ltr'><strong>servando.</strong></span> 
     </span>
    </p>

    <p class='ocr_par' dir='ltr' id='par_1_7' title="bbox 258 545 712 652">
     <span class='ocr_line' id='line_1_16' title="bbox 258 545 711 572; baseline 0.002 -7"><span class='ocrx_word' id='word_1_69' title='bbox 258 546 316 566; x_wconf 87' lang='lat' dir='ltr'>XVI.</span> <span class='ocrx_word' id='word_1_70' title='bbox 330 545 359 565; x_wconf 80' lang='lat' dir='ltr'><strong>Ut</strong></span> <span class='ocrx_word' id='word_1_71' title='bbox 373 552 441 566; x_wconf 88' lang='lat' dir='ltr'><strong>omnes</strong></span> <span class='ocrx_word' id='word_1_72' title='bbox 457 546 490 572; x_wconf 88' lang='lat' dir='ltr'><strong>qui</strong></span> <span class='ocrx_word' id='word_1_73' title='bbox 508 552 584 566; x_wconf 86' lang='lat' dir='ltr'><strong>summo</strong></span> <span class='ocrx_word' id='word_1_74' title='bbox 601 545 711 566; x_wconf 79' lang='lat' dir='ltr'><strong>sacerdotio</strong></span> 
     </span>
     <span class='ocr_line' id='line_1_17' title="bbox 314 574 712 600; baseline 0 -6"><span class='ocrx_word' id='word_1_75' title='bbox 314 575 422 600; x_wconf 79' lang='lat' dir='ltr'><strong>funguntur</strong></span> <span class='ocrx_word' id='word_1_76' title='bbox 430 574 536 594; x_wconf 81' lang='lat' dir='ltr'><strong>iniustitias</strong></span> <span class='ocrx_word' id='word_1_77' title='bbox 543 577 657 594; x_wconf 73' lang='lat' dir='ltr'><strong>removeant</strong></span> <span class='ocrx_word' id='word_1_78' title='bbox 666 575 712 594; x_wconf 79' lang='lat' dir='ltr'><strong>etin</strong></span> 
     </span>
     <span class='ocr_line' id='line_1_18' title="bbox 315 602 712 623; baseline 0.003 -1"><span class='ocrx_word' id='word_1_79' title='bbox 315 602 424 623; x_wconf 79' lang='lat' dir='ltr'><strong>sacerdotio</strong></span> <span class='ocrx_word' id='word_1_80' title='bbox 444 602 579 623; x_wconf 64' lang='lat' dir='ltr'><strong>Laborantibus</strong></span> <span class='ocrx_word' id='word_1_81' title='bbox 599 606 712 623; x_wconf 80' lang='lat' dir='ltr'><strong>succurrant</strong></span> 
     </span>
     <span class='ocr_line' id='line_1_19' title="bbox 315 631 700 652; baseline 0 -1"><span class='ocrx_word' id='word_1_82' title='bbox 315 634 335 651; x_wconf 86' lang='lat' dir='ltr'><strong>et</strong></span> <span class='ocrx_word' id='word_1_83' title='bbox 346 631 464 651; x_wconf 80' lang='lat' dir='ltr'><strong>calumniam</strong></span> <span class='ocrx_word' id='word_1_84' title='bbox 469 642 471 651; x_wconf 75' lang='grc' dir='ltr'>ι</span> <span class='ocrx_word' id='word_1_85' title='bbox 476 631 580 651; x_wconf 72' lang='lat' dir='ltr'><strong>facientem</strong></span> <span class='ocrx_word' id='word_1_86' title='bbox 592 631 700 652; x_wconf 81' lang='lat' dir='ltr'><strong>abscidant.</strong></span> 
     </span>
    </p>

    <p class='ocr_par' dir='ltr' id='par_1_8' title="bbox 258 659 646 680">
     <span class='ocr_line' id='line_1_20' title="bbox 258 659 646 680; baseline 0.003 -1"><span class='ocrx_word' id='word_1_87' title='bbox 258 659 327 680; x_wconf 86' lang='lat' dir='ltr'>XVII.</span> <span class='ocrx_word' id='word_1_88' title='bbox 342 660 374 680; x_wconf 88' lang='grc' dir='ltr'><strong>ΒΘ</strong></span> <span class='ocrx_word' id='word_1_89' title='bbox 385 659 519 680; x_wconf 80' lang='lat' dir='ltr'><strong>sacerdotibus</strong></span> <span class='ocrx_word' id='word_1_90' title='bbox 532 663 552 680; x_wconf 75' lang='lat' dir='ltr'><strong>et</strong></span> <span class='ocrx_word' id='word_1_91' title='bbox 562 660 646 680; x_wconf 76' lang='lat' dir='ltr'><strong>lssvitis.</strong></span> 
     </span>
    </p>

    <p class='ocr_par' dir='ltr' id='par_1_9' title="bbox 258 687 713 765">
     <span class='ocr_line' id='line_1_21' title="bbox 258 687 713 713; baseline 0 -5"><span class='ocrx_word' id='word_1_92' title='bbox 258 688 339 708; x_wconf 83' lang='lat' dir='ltr'>XVI-II.</span> <span class='ocrx_word' id='word_1_93' title='bbox 354 687 413 713; x_wconf 83' lang='lat' dir='ltr'><strong>Quod</strong></span> <span class='ocrx_word' id='word_1_94' title='bbox 425 688 524 708; x_wconf 72' lang='lat' dir='ltr'><strong>criminosi</strong></span> <span class='ocrx_word' id='word_1_95' title='bbox 539 688 623 709; x_wconf 75' lang='lat' dir='ltr'><strong>cavendi</strong></span> <span class='ocrx_word' id='word_1_96' title='bbox 636 691 682 708; x_wconf 89' lang='lat' dir='ltr'><strong>sunt</strong></span> <span class='ocrx_word' id='word_1_97' title='bbox 694 691 713 708; x_wconf 86' lang='lat' dir='ltr'><strong>et</strong></span> 
     </span>
     <span class='ocr_line' id='line_1_22' title="bbox 315 716 713 744; baseline 0.003 -8"><span class='ocrx_word' id='word_1_98' title='bbox 315 716 341 736; x_wconf 83' lang='lat' dir='ltr'><strong>ad</strong></span> <span class='ocrx_word' id='word_1_99' title='bbox 365 716 522 737; x_wconf 78' lang='lat' dir='ltr'><strong>emendationem</strong></span> <span class='ocrx_word' id='word_1_100' title='bbox 546 717 676 744; x_wconf 80' lang='lat' dir='ltr'><strong>compellendi</strong></span> <span class='ocrx_word' id='word_1_101' title='bbox 696 718 713 737; x_wconf 93' lang='lat' dir='ltr'><strong>si</strong></span> 
     </span>
     <span class='ocr_line' id='line_1_23' title="bbox 302 743 539 765; baseline 0 0"><span class='ocrx_word' id='word_1_102' title='bbox 302 743 425 765; x_wconf 73' lang='lat' dir='ltr'><strong>voluntarie</strong></span> <span class='ocrx_word' id='word_1_103' title='bbox 437 745 539 765; x_wconf 79' lang='lat' dir='ltr'><strong>noluerint.</strong></span> 
     </span>
    </p>

    <p class='ocr_par' dir='ltr' id='par_1_10' title="bbox 258 773 713 851">
     <span class='ocr_line' id='line_1_24' title="bbox 258 773 712 801; baseline 0.002 -8"><span class='ocrx_word' id='word_1_104' title='bbox 258 774 318 794; x_wconf 66' lang='lat' dir='ltr'>XIX.</span> <span class='ocrx_word' id='word_1_105' title='bbox 334 773 374 793; x_wconf 79' lang='lat' dir='ltr'><strong>Gur</strong></span> <span class='ocrx_word' id='word_1_106' title='bbox 385 774 448 793; x_wconf 81' lang='lat' dir='ltr'><strong>sancti</strong></span> <span class='ocrx_word' id='word_1_107' title='bbox 460 774 543 800; x_wconf 79' lang='lat' dir='ltr'><strong>apostoli</strong></span> <span class='ocrx_word' id='word_1_108' title='bbox 555 781 661 801; x_wconf 85' lang='lat' dir='ltr'><strong>eorumque</strong></span> <span class='ocrx_word' id='word_1_109' title='bbox 670 781 712 794; x_wconf 87' lang='lat' dir='ltr'><strong>suc-</strong></span> 
     </span>
     <span class='ocr_line' id='line_1_25' title="bbox 316 802 713 823; baseline 0.003 -1"><span class='ocrx_word' id='word_1_110' title='bbox 316 809 402 822; x_wconf 80' lang='lat' dir='ltr'><strong>cessores</strong></span> <span class='ocrx_word' id='word_1_111' title='bbox 426 802 524 823; x_wconf 87' lang='lat' dir='ltr'><strong>voluerint</strong></span> <span class='ocrx_word' id='word_1_112' title='bbox 544 802 646 823; x_wconf 83' lang='lat' dir='ltr'><strong>difficilem</strong></span> <span class='ocrx_word' id='word_1_113' title='bbox 670 809 713 823; x_wconf 78' lang='lat' dir='ltr'><strong>esse</strong></span> 
     </span>
     <span class='ocr_line' id='line_1_26' title="bbox 315 831 599 851; baseline 0.004 -1"><span class='ocrx_word' id='word_1_114' title='bbox 315 831 459 851; x_wconf 75' lang='lat' dir='ltr'><strong>accusationem</strong></span> <span class='ocrx_word' id='word_1_115' title='bbox 472 831 599 851; x_wconf 82' lang='lat' dir='ltr'><strong>sacerdotum.</strong></span> 
     </span>
    </p>
   </div>
   <div class='ocr_carea' id='block_1_3' title="bbox 577 91 870 111">
    <p class='ocr_par' dir='ltr' id='par_1_11' title="bbox 577 91 870 111">
     <span class='ocr_line' id='line_1_27' title="bbox 577 91 870 111; baseline 0 -1"><span class='ocrx_word' id='word_1_116' title='bbox 577 92 697 111; x_wconf 77' lang='lat' dir='ltr'>DECRETA</span> <span class='ocrx_word' id='word_1_117' title='bbox 709 91 870 111; x_wconf 79' lang='lat' dir='ltr'>PONTIFICUM</span> 
     </span>
    </p>
   </div>
   <div class='ocr_carea' id='block_1_4' title="bbox 737 146 1185 858">
    <p class='ocr_par' dir='ltr' id='par_1_12' title="bbox 737 146 1175 231">
     <span class='ocr_line' id='line_1_28' title="bbox 738 146 1173 174; baseline 0 -8"><span class='ocrx_word' id='word_1_118' title='bbox 738 147 787 166; x_wconf 71' lang='lat' dir='ltr'><strong>XX.</strong></span> <span class='ocrx_word' id='word_1_119' title='bbox 803 146 862 171; x_wconf 83' lang='lat' dir='ltr'><strong>Quod</strong></span> <span class='ocrx_word' id='word_1_120' title='bbox 877 146 965 174; x_wconf 75' lang='lat' dir='ltr'><strong>episcopi</strong></span> <span class='ocrx_word' id='word_1_121' title='bbox 982 146 1025 166; x_wconf 84' lang='lat' dir='ltr'><strong>loco</strong></span> <span class='ocrx_word' id='word_1_122' title='bbox 1039 149 1059 166; x_wconf 88' lang='lat' dir='ltr'><strong>et</strong></span> <span class='ocrx_word' id='word_1_123' title='bbox 1071 146 1125 166; x_wconf 84' lang='lat' dir='ltr'><strong>rebus</strong></span> <span class='ocrx_word' id='word_1_124' title='bbox 1140 148 1173 167; x_wconf 85' lang='lat' dir='ltr'><strong>suis</strong></span> 
     </span>
     <span class='ocr_line' id='line_1_29' title="bbox 796 175 1127 202; baseline 0 -7"><span class='ocrx_word' id='word_1_125' title='bbox 796 175 892 201; x_wconf 81' lang='lat' dir='ltr'><strong>expoliati</strong></span> <span class='ocrx_word' id='word_1_126' title='bbox 904 175 991 195; x_wconf 69' lang='lat' dir='ltr'><strong>accusari</strong></span> <span class='ocrx_word' id='word_1_127' title='bbox 1002 182 1042 195; x_wconf 86' lang='lat' dir='ltr'><strong>non</strong></span> <span class='ocrx_word' id='word_1_128' title='bbox 1052 175 1127 202; x_wconf 86' lang='lat' dir='ltr'><strong>possint.</strong></span> 
     </span>
     <span class='ocr_line' id='line_1_30' title="bbox 737 203 1175 231; baseline 0.002 -8"><span class='ocrx_word' id='word_1_129' title='bbox 737 203 798 223; x_wconf 89' lang='lat' dir='ltr'>XXI.</span> <span class='ocrx_word' id='word_1_130' title='bbox 813 204 845 223; x_wconf 90' lang='lat' dir='ltr'><strong>De</strong></span> <span class='ocrx_word' id='word_1_131' title='bbox 857 203 933 224; x_wconf 80' lang='lat' dir='ltr'><strong>clericis</strong></span> <span class='ocrx_word' id='word_1_132' title='bbox 944 203 1080 224; x_wconf 80' lang='lat' dir='ltr'><strong>insidiantibus</strong></span> <span class='ocrx_word' id='word_1_133' title='bbox 1091 204 1175 231; x_wconf 80' lang='lat' dir='ltr'><strong>episcopis</strong></span> 
     </span>
    </p>

    <p class='ocr_par' dir='ltr' id='par_1_13' title="bbox 794 239 840 252">
     <span class='ocr_line' id='line_1_31' title="bbox 794 239 840 252; baseline 0 0"><span class='ocrx_word' id='word_1_134' title='bbox 794 239 840 252; x_wconf 75' lang='lat' dir='ltr'><strong>suis.</strong></span> 
     </span>
    </p>

    <p class='ocr_par' dir='ltr' id='par_1_14' title="bbox 737 260 1177 423">
     <span class='ocr_line' id='line_1_32' title="bbox 737 260 1176 287; baseline -0.002 -6"><span class='ocrx_word' id='word_1_135' title='bbox 737 261 810 281; x_wconf 86' lang='lat' dir='ltr'>XXII.</span> <span class='ocrx_word' id='word_1_136' title='bbox 830 260 888 285; x_wconf 83' lang='lat' dir='ltr'><strong>Quod</strong></span> <span class='ocrx_word' id='word_1_137' title='bbox 905 261 971 281; x_wconf 79' lang='lat' dir='ltr'><strong>nullus</strong></span> <span class='ocrx_word' id='word_1_138' title='bbox 988 260 1047 280; x_wconf 89' lang='lat' dir='ltr'><strong>simul</strong></span> <span class='ocrx_word' id='word_1_139' title='bbox 1066 267 1106 281; x_wconf 83' lang='lat' dir='ltr'><strong>esse</strong></span> <span class='ocrx_word' id='word_1_140' title='bbox 1125 261 1176 287; x_wconf 84' lang='lat' dir='ltr'><strong>possit</strong></span> 
     </span>
     <span class='ocr_line' id='line_1_33' title="bbox 795 289 1176 315; baseline -0.003 -6"><span class='ocrx_word' id='word_1_141' title='bbox 795 292 895 309; x_wconf 77' lang='lat' dir='ltr'><strong>accusator</strong></span> <span class='ocrx_word' id='word_1_142' title='bbox 906 289 966 309; x_wconf 85' lang='lat' dir='ltr'><strong>iudex</strong></span> <span class='ocrx_word' id='word_1_143' title='bbox 979 292 998 309; x_wconf 79' lang='lat' dir='ltr'><strong>et</strong></span> <span class='ocrx_word' id='word_1_144' title='bbox 1009 289 1064 309; x_wconf 73' lang='lat' dir='ltr'><strong>testis</strong></span> <span class='ocrx_word' id='word_1_145' title='bbox 1074 292 1094 309; x_wconf 81' lang='lat' dir='ltr'><strong>et</strong></span> <span class='ocrx_word' id='word_1_146' title='bbox 1103 289 1150 315; x_wconf 84' lang='lat' dir='ltr'><strong>quod</strong></span> <span class='ocrx_word' id='word_1_147' title='bbox 1160 290 1176 308; x_wconf 79' lang='lat' dir='ltr'><strong>is</strong></span> 
     </span>
     <span class='ocr_line' id='line_1_34' title="bbox 796 317 1176 344; baseline -0.003 -6"><span class='ocrx_word' id='word_1_148' title='bbox 796 318 849 338; x_wconf 88' lang='lat' dir='ltr'><strong>omni</strong></span> <span class='ocrx_word' id='word_1_149' title='bbox 866 317 940 338; x_wconf 82' lang='lat' dir='ltr'><strong>iudicio</strong></span> <span class='ocrx_word' id='word_1_150' title='bbox 957 324 1037 338; x_wconf 76' lang='lat' dir='ltr'><strong>necesse</strong></span> <span class='ocrx_word' id='word_1_151' title='bbox 1057 318 1082 338; x_wconf 86' lang='lat' dir='ltr'><strong>sit</strong></span> <span class='ocrx_word' id='word_1_152' title='bbox 1097 321 1176 344; x_wconf 82' lang='lat' dir='ltr'><strong>quattuor</strong></span> 
     </span>
     <span class='ocr_line' id='line_1_35' title="bbox 795 346 1177 373; baseline -0.003 -7"><span class='ocrx_word' id='word_1_153' title='bbox 795 346 864 366; x_wconf 77' lang='lat' dir='ltr'><strong>adesse</strong></span> <span class='ocrx_word' id='word_1_154' title='bbox 875 353 979 373; x_wconf 77' lang='lat' dir='ltr'><strong>personas,</strong></span> <span class='ocrx_word' id='word_1_155' title='bbox 995 349 1015 366; x_wconf 85' lang='lat' dir='ltr'><strong>st</strong></span> <span class='ocrx_word' id='word_1_156' title='bbox 1029 346 1082 373; x_wconf 88' lang='lat' dir='ltr'><strong>quod</strong></span> <span class='ocrx_word' id='word_1_157' title='bbox 1095 352 1138 366; x_wconf 81' lang='lat' dir='ltr'><strong>oves</strong></span> <span class='ocrx_word' id='word_1_158' title='bbox 1150 353 1177 372; x_wconf 73' lang='lat' dir='ltr'><strong>pn-</strong></span> 
     </span>
     <span class='ocr_line' id='line_1_36' title="bbox 795 374 1177 402; baseline -0.003 -7"><span class='ocrx_word' id='word_1_159' title='bbox 795 378 867 395; x_wconf 84' lang='lat' dir='ltr'><strong>sturem</strong></span> <span class='ocrx_word' id='word_1_160' title='bbox 879 381 936 395; x_wconf 86' lang='lat' dir='ltr'><strong>suum</strong></span> <span class='ocrx_word' id='word_1_161' title='bbox 944 374 1097 402; x_wconf 81' lang='lat' dir='ltr'><strong>repraehendere</strong></span> <span class='ocrx_word' id='word_1_162' title='bbox 1105 381 1141 394; x_wconf 87' lang='lat' dir='ltr'><strong>non</strong></span> <span class='ocrx_word' id='word_1_163' title='bbox 1151 381 1177 394; x_wconf 83' lang='lat' dir='ltr'><strong>su-</strong></span> 
     </span>
     <span class='ocr_line' id='line_1_37' title="bbox 795 403 860 423; baseline 0 0"><span class='ocrx_word' id='word_1_164' title='bbox 795 403 860 423; x_wconf 82' lang='lat' dir='ltr'><strong>deant.</strong></span> 
     </span>
    </p>

    <p class='ocr_par' dir='ltr' id='par_1_15' title="bbox 739 431 1167 459">
     <span class='ocr_line' id='line_1_38' title="bbox 739 431 1167 459; baseline -0.002 -8"><span class='ocrx_word' id='word_1_165' title='bbox 739 432 822 451; x_wconf 87' lang='lat' dir='ltr'>XXIII.</span> <span class='ocrx_word' id='word_1_166' title='bbox 837 432 870 452; x_wconf 91' lang='lat' dir='ltr'><strong>De</strong></span> <span class='ocrx_word' id='word_1_167' title='bbox 881 432 974 459; x_wconf 86' lang='lat' dir='ltr'><strong>episcopo</strong></span> <span class='ocrx_word' id='word_1_168' title='bbox 986 432 1020 458; x_wconf 84' lang='lat' dir='ltr'><strong>qui</strong></span> <span class='ocrx_word' id='word_1_169' title='bbox 1032 439 1044 452; x_wconf 86' lang='lat' dir='ltr'><strong>a</strong></span> <span class='ocrx_word' id='word_1_170' title='bbox 1055 431 1094 451; x_wconf 79' lang='lat' dir='ltr'><strong>fide</strong></span> <span class='ocrx_word' id='word_1_171' title='bbox 1104 431 1167 451; x_wconf 66' lang='lat' dir='ltr'><strong>deviat.</strong></span> 
     </span>
    </p>

    <p class='ocr_par' dir='ltr' id='par_1_16' title="bbox 739 459 1142 481">
     <span class='ocr_line' id='line_1_39' title="bbox 739 459 1142 481; baseline -0.002 -1"><span class='ocrx_word' id='word_1_172' title='bbox 739 460 820 480; x_wconf 88' lang='lat' dir='ltr'>XXIV.</span> <span class='ocrx_word' id='word_1_173' title='bbox 834 461 867 481; x_wconf 79' lang='lat' dir='ltr'><strong>De</strong></span> <span class='ocrx_word' id='word_1_174' title='bbox 878 460 1011 481; x_wconf 79' lang='lat' dir='ltr'><strong>sacerdotibus</strong></span> <span class='ocrx_word' id='word_1_175' title='bbox 1023 459 1142 480; x_wconf 77' lang='lat' dir='ltr'><strong>honorandis.</strong></span> 
     </span>
    </p>

    <p class='ocr_par' dir='ltr' id='par_1_17' title="bbox 739 488 1180 566">
     <span class='ocr_line' id='line_1_40' title="bbox 739 488 1180 509; baseline -0.005 0"><span class='ocrx_word' id='word_1_176' title='bbox 739 489 807 509; x_wconf 88' lang='lat' dir='ltr'>XXV.</span> <span class='ocrx_word' id='word_1_177' title='bbox 823 489 855 509; x_wconf 86' lang='lat' dir='ltr'><strong>De</strong></span> <span class='ocrx_word' id='word_1_178' title='bbox 867 489 1000 509; x_wconf 67' lang='lat' dir='ltr'><strong>sacerdotibus</strong></span> <span class='ocrx_word' id='word_1_179' title='bbox 1011 496 1051 509; x_wconf 84' lang='lat' dir='ltr'><strong>nou</strong></span> <span class='ocrx_word' id='word_1_180' title='bbox 1066 488 1154 509; x_wconf 76' lang='lat' dir='ltr'><strong>vexandis</strong></span> <span class='ocrx_word' id='word_1_181' title='bbox 1164 491 1180 507; x_wconf 77' lang='lat' dir='ltr'><strong>et</strong></span> 
     </span>
     <span class='ocr_line' id='line_1_41' title="bbox 796 517 1180 545; baseline -0.003 -8"><span class='ocrx_word' id='word_1_182' title='bbox 796 518 831 544; x_wconf 90' lang='lat' dir='ltr'><strong>qui</strong></span> <span class='ocrx_word' id='word_1_183' title='bbox 848 525 889 538; x_wconf 83' lang='lat' dir='ltr'><strong>non</strong></span> <span class='ocrx_word' id='word_1_184' title='bbox 911 518 988 545; x_wconf 82' lang='lat' dir='ltr'><strong>possint</strong></span> <span class='ocrx_word' id='word_1_185' title='bbox 1008 524 1051 538; x_wconf 81' lang='lat' dir='ltr'><strong>esse</strong></span> <span class='ocrx_word' id='word_1_186' title='bbox 1071 517 1180 537; x_wconf 69' lang='lat' dir='ltr'><strong>sacerdotum</strong></span> 
     </span>
     <span class='ocr_line' id='line_1_42' title="bbox 797 549 925 566; baseline 0 0"><span class='ocrx_word' id='word_1_187' title='bbox 797 549 925 566; x_wconf 69' lang='lat' dir='ltr'><strong>accusatores.</strong></span> 
     </span>
    </p>

    <p class='ocr_par' dir='ltr' id='par_1_18' title="bbox 740 573 1180 601">
     <span class='ocr_line' id='line_1_43' title="bbox 740 573 1180 601; baseline -0.005 -7"><span class='ocrx_word' id='word_1_188' title='bbox 740 574 819 594; x_wconf 88' lang='lat' dir='ltr'>XXVI.</span> <span class='ocrx_word' id='word_1_189' title='bbox 826 575 858 595; x_wconf 82' lang='lat' dir='ltr'><strong>Da</strong></span> <span class='ocrx_word' id='word_1_190' title='bbox 864 575 973 601; x_wconf 76' lang='lat' dir='ltr'><strong>peregrinis</strong></span> <span class='ocrx_word' id='word_1_191' title='bbox 979 573 1180 601; x_wconf 78' lang='lat' dir='ltr'><strong>indiciisprohibendis.</strong></span> 
     </span>
    </p>

    <p class='ocr_par' dir='ltr' id='par_1_19' title="bbox 740 602 1182 680">
     <span class='ocr_line' id='line_1_44' title="bbox 740 602 1181 630; baseline -0.005 -7"><span class='ocrx_word' id='word_1_192' title='bbox 740 603 832 623; x_wconf 82' lang='lat' dir='ltr'>XXVII.</span> <span class='ocrx_word' id='word_1_193' title='bbox 848 603 877 623; x_wconf 90' lang='lat' dir='ltr'><strong>Ut</strong></span> <span class='ocrx_word' id='word_1_194' title='bbox 893 603 911 623; x_wconf 85' lang='lat' dir='ltr'><strong>si</strong></span> <span class='ocrx_word' id='word_1_195' title='bbox 928 604 972 630; x_wconf 88' lang='lat' dir='ltr'><strong>quis</strong></span> <span class='ocrx_word' id='word_1_196' title='bbox 987 603 1072 623; x_wconf 81' lang='lat' dir='ltr'><strong>iudicem</strong></span> <span class='ocrx_word' id='word_1_197' title='bbox 1089 602 1181 622; x_wconf 80' lang='lat' dir='ltr'><strong>adversum</strong></span> 
     </span>
     <span class='ocr_line' id='line_1_45' title="bbox 797 631 1182 658; baseline -0.005 -6"><span class='ocrx_word' id='word_1_198' title='bbox 797 632 835 652; x_wconf 82' lang='lat' dir='ltr'><strong>sibi</strong></span> <span class='ocrx_word' id='word_1_199' title='bbox 859 632 942 652; x_wconf 75' lang='lat' dir='ltr'><strong>senserit</strong></span> <span class='ocrx_word' id='word_1_200' title='bbox 964 638 1033 652; x_wconf 84' lang='lat' dir='ltr'><strong>vocem</strong></span> <span class='ocrx_word' id='word_1_201' title='bbox 1056 631 1182 658; x_wconf 69' lang='lat' dir='ltr'><strong>appellationis</strong></span> 
     </span>
     <span class='ocr_line' id='line_1_46' title="bbox 798 660 883 680; baseline 0 0"><span class='ocrx_word' id='word_1_202' title='bbox 798 660 883 680; x_wconf 83' lang='lat' dir='ltr'><strong>exibeat.</strong></span> 
     </span>
    </p>

    <p class='ocr_par' dir='ltr' id='par_1_20' title="bbox 741 687 1183 744">
     <span class='ocr_line' id='line_1_47' title="bbox 741 687 1183 716; baseline -0.007 -7"><span class='ocrx_word' id='word_1_203' title='bbox 741 688 843 709; x_wconf 77' lang='lat' dir='ltr'>XXVIII.</span> <span class='ocrx_word' id='word_1_204' title='bbox 855 689 887 709; x_wconf 87' lang='lat' dir='ltr'><strong>De</strong></span> <span class='ocrx_word' id='word_1_205' title='bbox 893 696 916 709; x_wconf 82' lang='lat' dir='ltr'><strong>eo</strong></span> <span class='ocrx_word' id='word_1_206' title='bbox 923 689 957 716; x_wconf 76' lang='lat' dir='ltr'><strong>qui</strong></span> <span class='ocrx_word' id='word_1_207' title='bbox 963 689 1052 715; x_wconf 82' lang='lat' dir='ltr'><strong>pulsatur</strong></span> <span class='ocrx_word' id='word_1_208' title='bbox 1058 691 1103 709; x_wconf 82' lang='lat' dir='ltr'><strong>aute</strong></span> <span class='ocrx_word' id='word_1_209' title='bbox 1108 687 1183 708; x_wconf 79' lang='lat' dir='ltr'><strong>iudicem</strong></span> 
     </span>
     <span class='ocr_line' id='line_1_48' title="bbox 798 716 1183 744; baseline -0.005 -7"><span class='ocrx_word' id='word_1_210' title='bbox 798 720 819 737; x_wconf 86' lang='lat' dir='ltr'><strong>et</strong></span> <span class='ocrx_word' id='word_1_211' title='bbox 828 717 853 737; x_wconf 85' lang='lat' dir='ltr'><strong>de</strong></span> <span class='ocrx_word' id='word_1_212' title='bbox 862 724 885 738; x_wconf 81' lang='lat' dir='ltr'><strong>eo</strong></span> <span class='ocrx_word' id='word_1_213' title='bbox 896 718 930 744; x_wconf 89' lang='lat' dir='ltr'><strong>qui</strong></span> <span class='ocrx_word' id='word_1_214' title='bbox 942 718 1003 737; x_wconf 84' lang='lat' dir='ltr'><strong>iratus</strong></span> <span class='ocrx_word' id='word_1_215' title='bbox 1014 717 1108 737; x_wconf 64' lang='lat' dir='ltr'><strong>obiecerit</strong></span> <span class='ocrx_word' id='word_1_216' title='bbox 1115 716 1183 736; x_wconf 73' lang='lat' dir='ltr'><strong>crimen.</strong></span> 
     </span>
    </p>

    <p class='ocr_par' dir='ltr' id='par_1_21' title="bbox 740 745 1184 801">
     <span class='ocr_line' id='line_1_49' title="bbox 740 745 1184 773; baseline -0.005 -7"><span class='ocrx_word' id='word_1_217' title='bbox 740 746 823 766; x_wconf 84' lang='lat' dir='ltr'>XXIX.</span> <span class='ocrx_word' id='word_1_218' title='bbox 841 747 873 766; x_wconf 89' lang='lat' dir='ltr'><strong>De</strong></span> <span class='ocrx_word' id='word_1_219' title='bbox 890 746 983 773; x_wconf 81' lang='lat' dir='ltr'><strong>episcopo</strong></span> <span class='ocrx_word' id='word_1_220' title='bbox 1001 749 1092 766; x_wconf 72' lang='lat' dir='ltr'><strong>accusato</strong></span> <span class='ocrx_word' id='word_1_221' title='bbox 1110 745 1142 772; x_wconf 86' lang='lat' dir='ltr'><strong>qni</strong></span> <span class='ocrx_word' id='word_1_222' title='bbox 1156 751 1184 770; x_wconf 81' lang='lat' dir='ltr'><strong>ap-</strong></span> 
     </span>
     <span class='ocr_line' id='line_1_50' title="bbox 798 774 1084 801; baseline 0 -7"><span class='ocrx_word' id='word_1_223' title='bbox 798 775 860 801; x_wconf 81' lang='lat' dir='ltr'><strong>pellat</strong></span> <span class='ocrx_word' id='word_1_224' title='bbox 871 774 1000 801; x_wconf 85' lang='lat' dir='ltr'><strong>apostolicam</strong></span> <span class='ocrx_word' id='word_1_225' title='bbox 1011 774 1084 794; x_wconf 80' lang='lat' dir='ltr'><strong>sedem.</strong></span> 
     </span>
    </p>

    <p class='ocr_par' dir='ltr' id='par_1_22' title="bbox 740 802 1185 858">
     <span class='ocr_line' id='line_1_51' title="bbox 740 802 1185 830; baseline -0.004 -7"><span class='ocrx_word' id='word_1_226' title='bbox 740 803 811 823; x_wconf 87' lang='lat' dir='ltr'>XXX.</span> <span class='ocrx_word' id='word_1_227' title='bbox 823 803 856 823; x_wconf 91' lang='lat' dir='ltr'><strong>De</strong></span> <span class='ocrx_word' id='word_1_228' title='bbox 870 803 986 830; x_wconf 76' lang='lat' dir='ltr'><strong>praecipitio</strong></span> <span class='ocrx_word' id='word_1_229' title='bbox 1001 802 1135 827; x_wconf 74' lang='lat' dir='ltr'><strong>detractionis,</strong></span> <span class='ocrx_word' id='word_1_230' title='bbox 1150 802 1185 821; x_wconf 73' lang='lat' dir='ltr'><strong>imo</strong></span> 
     </span>
     <span class='ocr_line' id='line_1_52' title="bbox 799 831 1072 858; baseline -0.004 -6"><span class='ocrx_word' id='word_1_231' title='bbox 799 835 818 852; x_wconf 85' lang='lat' dir='ltr'><strong>et</strong></span> <span class='ocrx_word' id='word_1_232' title='bbox 830 832 959 852; x_wconf 73' lang='lat' dir='ltr'><strong>accusationis</strong></span> <span class='ocrx_word' id='word_1_233' title='bbox 971 831 1072 858; x_wconf 77' lang='lat' dir='ltr'><strong>fugiendo.</strong></span> 
     </span>
    </p>
   </div>
   <div class='ocr_carea' id='block_1_5' title="bbox 453 887 999 916">
    <p class='ocr_par' dir='ltr' id='par_1_23' title="bbox 453 887 999 916">
     <span class='ocr_line' id='line_1_53' title="bbox 453 887 999 916; baseline 0.002 -8"><span class='ocrx_word' id='word_1_234' title='bbox 453 888 513 908; x_wconf 85' lang='lat' dir='ltr'>XIX.</span> <span class='ocrx_word' id='word_1_235' title='bbox 536 888 615 908; x_wconf 80' lang='lat' dir='ltr'><strong>Tituli</strong></span> <span class='ocrx_word' id='word_1_236' title='bbox 630 887 780 909; x_wconf 81' lang='lat' dir='ltr'><strong>decretorum</strong></span> <span class='ocrx_word' id='word_1_237' title='bbox 794 888 903 909; x_wconf 77' lang='lat' dir='ltr'><strong>Cornelii</strong></span> <span class='ocrx_word' id='word_1_238' title='bbox 918 895 999 916; x_wconf 82' lang='lat' dir='ltr'><strong>papae.</strong></span> 
     </span>
    </p>
   </div>
   <div class='ocr_carea' id='block_1_6' title="bbox 258 933 714 1161">
    <p class='ocr_par' dir='ltr' id='par_1_24' title="bbox 258 933 713 1011">
     <span class='ocr_line' id='line_1_54' title="bbox 258 933 713 961; baseline 0.002 -8"><span class='ocrx_word' id='word_1_239' title='bbox 258 934 274 953; x_wconf 89' lang='grc' dir='ltr'><strong>Ι.</strong></span> <span class='ocrx_word' id='word_1_240' title='bbox 288 933 321 954; x_wconf 87' lang='grc' dir='ltr'><strong>ΒΘ</strong></span> <span class='ocrx_word' id='word_1_241' title='bbox 329 933 457 954; x_wconf 81' lang='lat' dir='ltr'><strong>translatione</strong></span> <span class='ocrx_word' id='word_1_242' title='bbox 466 940 570 960; x_wconf 85' lang='lat' dir='ltr'><strong>corporum</strong></span> <span class='ocrx_word' id='word_1_243' title='bbox 579 934 713 961; x_wconf 85' lang='lat' dir='ltr'><strong>apostolorum</strong></span> 
     </span>
     <span class='ocr_line' id='line_1_55' title="bbox 315 962 713 989; baseline 0.003 -7"><span class='ocrx_word' id='word_1_244' title='bbox 315 962 370 983; x_wconf 79' lang='lat' dir='ltr'><strong>Petri</strong></span> <span class='ocrx_word' id='word_1_245' title='bbox 379 966 399 982; x_wconf 85' lang='lat' dir='ltr'><strong>et</strong></span> <span class='ocrx_word' id='word_1_246' title='bbox 407 962 466 982; x_wconf 88' lang='lat' dir='ltr'><strong>Pauli</strong></span> <span class='ocrx_word' id='word_1_247' title='bbox 475 963 528 983; x_wconf 77' lang='lat' dir='ltr'><strong>facta</strong></span> <span class='ocrx_word' id='word_1_248' title='bbox 536 966 607 989; x_wconf 75' lang='lat' dir='ltr'><strong>rogatu</strong></span> <span class='ocrx_word' id='word_1_249' title='bbox 615 962 713 983; x_wconf 88' lang='lat' dir='ltr'><strong>nobilissi-</strong></span> 
     </span>
     <span class='ocr_line' id='line_1_56' title="bbox 315 991 576 1011; baseline 0 0"><span class='ocrx_word' id='word_1_250' title='bbox 315 998 359 1011; x_wconf 82' lang='lat' dir='ltr'><strong>mae</strong></span> <span class='ocrx_word' id='word_1_251' title='bbox 370 994 471 1011; x_wconf 82' lang='lat' dir='ltr'><strong>matronae</strong></span> <span class='ocrx_word' id='word_1_252' title='bbox 483 991 576 1011; x_wconf 85' lang='lat' dir='ltr'><strong>Lucinae.</strong></span> 
     </span>
    </p>

    <p class='ocr_par' dir='ltr' id='par_1_25' title="bbox 258 1019 714 1125">
     <span class='ocr_line' id='line_1_57' title="bbox 258 1019 713 1046; baseline 0 -7"><span class='ocrx_word' id='word_1_253' title='bbox 258 1020 285 1039; x_wconf 89' lang='lat' dir='ltr'><strong>lI.</strong></span> <span class='ocrx_word' id='word_1_254' title='bbox 300 1020 333 1039; x_wconf 86' lang='lat' dir='ltr'><strong>De</strong></span> <span class='ocrx_word' id='word_1_255' title='bbox 347 1020 425 1040; x_wconf 84' lang='lat' dir='ltr'><strong>Novato</strong></span> <span class='ocrx_word' id='word_1_256' title='bbox 440 1023 461 1039; x_wconf 84' lang='lat' dir='ltr'><strong>et</strong></span> <span class='ocrx_word' id='word_1_257' title='bbox 474 1020 588 1040; x_wconf 81' lang='lat' dir='ltr'><strong>Novatiano</strong></span> <span class='ocrx_word' id='word_1_258' title='bbox 603 1023 662 1046; x_wconf 77' lang='lat' dir='ltr'><strong>utque</strong></span> <span class='ocrx_word' id='word_1_259' title='bbox 677 1019 713 1040; x_wconf 84' lang='lat' dir='ltr'><strong>Ni-</strong></span> 
     </span>
     <span class='ocr_line' id='line_1_58' title="bbox 316 1047 714 1074; baseline 0 -6"><span class='ocrx_word' id='word_1_260' title='bbox 316 1050 400 1068; x_wconf 77' lang='lat' dir='ltr'><strong>costrato</strong></span> <span class='ocrx_word' id='word_1_261' title='bbox 411 1048 504 1068; x_wconf 79' lang='lat' dir='ltr'><strong>hereticis</strong></span> <span class='ocrx_word' id='word_1_262' title='bbox 515 1051 536 1068; x_wconf 86' lang='lat' dir='ltr'><strong>et</strong></span> <span class='ocrx_word' id='word_1_263' title='bbox 547 1047 572 1068; x_wconf 82' lang='lat' dir='ltr'><strong>de</strong></span> <span class='ocrx_word' id='word_1_264' title='bbox 583 1047 614 1068; x_wconf 82' lang='lat' dir='ltr'><strong>his</strong></span> <span class='ocrx_word' id='word_1_265' title='bbox 623 1048 657 1074; x_wconf 81' lang='lat' dir='ltr'><strong>qui</strong></span> <span class='ocrx_word' id='word_1_266' title='bbox 668 1055 714 1068; x_wconf 83' lang='lat' dir='ltr'><strong>cum</strong></span> 
     </span>
     <span class='ocr_line' id='line_1_59' title="bbox 315 1076 713 1103; baseline 0 -7"><span class='ocrx_word' id='word_1_267' title='bbox 315 1076 404 1096; x_wconf 57' lang='lat' dir='ltr'><strong>Maximo</strong></span> <span class='ocrx_word' id='word_1_268' title='bbox 416 1076 524 1103; x_wconf 81' lang='lat' dir='ltr'><strong>presbitero</strong></span> <span class='ocrx_word' id='word_1_269' title='bbox 536 1079 582 1103; x_wconf 84' lang='lat' dir='ltr'><strong>post</strong></span> <span class='ocrx_word' id='word_1_270' title='bbox 590 1076 676 1096; x_wconf 82' lang='lat' dir='ltr'><strong>heresim</strong></span> <span class='ocrx_word' id='word_1_271' title='bbox 687 1076 713 1096; x_wconf 84' lang='lat' dir='ltr'><strong>ad</strong></span> 
     </span>
     <span class='ocr_line' id='line_1_60' title="bbox 316 1104 653 1125; baseline 0.003 -1"><span class='ocrx_word' id='word_1_272' title='bbox 316 1105 433 1125; x_wconf 73' lang='lat' dir='ltr'><strong>catholicam</strong></span> <span class='ocrx_word' id='word_1_273' title='bbox 445 1104 504 1125; x_wconf 82' lang='lat' dir='ltr'><strong>fidem</strong></span> <span class='ocrx_word' id='word_1_274' title='bbox 517 1108 563 1125; x_wconf 82' lang='lat' dir='ltr'><strong>sunt</strong></span> <span class='ocrx_word' id='word_1_275' title='bbox 573 1106 653 1125; x_wconf 79' lang='lat' dir='ltr'><strong>reversi.</strong></span> 
     </span>
    </p>

    <p class='ocr_par' dir='ltr' id='par_1_26' title="bbox 259 1133 712 1161">
     <span class='ocr_line' id='line_1_61' title="bbox 259 1133 712 1161; baseline 0 -8"><span class='ocrx_word' id='word_1_276' title='bbox 259 1133 297 1153; x_wconf 85' lang='lat'>111.</span> <span class='ocrx_word' id='word_1_277' title='bbox 311 1133 341 1153; x_wconf 88' lang='lat' dir='ltr'><strong>Ut</strong></span> <span class='ocrx_word' id='word_1_278' title='bbox 358 1133 469 1153; x_wconf 75' lang='lat' dir='ltr'><strong>sacerdotes</strong></span> <span class='ocrx_word' id='word_1_279' title='bbox 486 1133 562 1153; x_wconf 81' lang='lat' dir='ltr'><strong>domini</strong></span> <span class='ocrx_word' id='word_1_280' title='bbox 577 1134 627 1154; x_wconf 81' lang='lat' dir='ltr'><strong>sicut</strong></span> <span class='ocrx_word' id='word_1_281' title='bbox 641 1134 712 1161; x_wconf 85' lang='lat' dir='ltr'><strong>vulgus</strong></span> 
     </span>
    </p>
   </div>
   <div class='ocr_carea' id='block_1_7' title="bbox 741 934 1188 1161">
    <p class='ocr_par' dir='ltr' id='par_1_27' title="bbox 798 934 1186 990">
     <span class='ocr_line' id='line_1_62' title="bbox 798 934 1186 961; baseline -0.005 -7"><span class='ocrx_word' id='word_1_282' title='bbox 798 934 864 954; x_wconf 80' lang='lat' dir='ltr'><strong>facere</strong></span> <span class='ocrx_word' id='word_1_283' title='bbox 875 934 931 958; x_wconf 85' lang='lat' dir='ltr'><strong>solet,</strong></span> <span class='ocrx_word' id='word_1_284' title='bbox 942 934 1008 954; x_wconf 83' lang='lat' dir='ltr'><strong>iurare</strong></span> <span class='ocrx_word' id='word_1_285' title='bbox 1019 941 1060 954; x_wconf 92' lang='lat' dir='ltr'><strong>non</strong></span> <span class='ocrx_word' id='word_1_286' title='bbox 1071 935 1186 961; x_wconf 83' lang='lat' dir='ltr'><strong>praesumant</strong></span> 
     </span>
     <span class='ocr_line' id='line_1_63' title="bbox 798 963 990 990; baseline 0 -7"><span class='ocrx_word' id='word_1_287' title='bbox 798 963 831 983; x_wconf 82' lang='lat' dir='ltr'><strong>vel</strong></span> <span class='ocrx_word' id='word_1_288' title='bbox 843 963 990 990; x_wconf 81' lang='lat' dir='ltr'><strong>compellantur.</strong></span> 
     </span>
    </p>

    <p class='ocr_par' dir='ltr' id='par_1_28' title="bbox 741 990 1186 1040">
     <span class='ocr_line' id='line_1_64' title="bbox 741 990 1186 1016; baseline -0.002 -5"><span class='ocrx_word' id='word_1_289' title='bbox 741 991 777 1011; x_wconf 87' lang='lat' dir='ltr'><strong>lv.</strong></span> <span class='ocrx_word' id='word_1_290' title='bbox 790 991 849 1016; x_wconf 78' lang='lat' dir='ltr'><strong>Quod</strong></span> <span class='ocrx_word' id='word_1_291' title='bbox 856 992 990 1012; x_wconf 78' lang='lat' dir='ltr'><strong>accusationes</strong></span> <span class='ocrx_word' id='word_1_292' title='bbox 996 990 1186 1012; x_wconf 80' lang='lat' dir='ltr'><strong>subditorumnullsm</strong></span> 
     </span>
     <span class='ocr_line' id='line_1_65' title="bbox 798 1020 943 1040; baseline 0 0"><span class='ocrx_word' id='word_1_293' title='bbox 798 1020 840 1040; x_wconf 87' lang='lat' dir='ltr'><strong>vim</strong></span> <span class='ocrx_word' id='word_1_294' title='bbox 852 1020 943 1040; x_wconf 81' lang='lat' dir='ltr'><strong>babeant.</strong></span> 
     </span>
    </p>

    <p class='ocr_par' dir='ltr' id='par_1_29' title="bbox 741 1047 1187 1098">
     <span class='ocr_line' id='line_1_66' title="bbox 741 1047 1187 1069; baseline -0.004 0"><span class='ocrx_word' id='word_1_295' title='bbox 741 1048 765 1069; x_wconf 88' lang='lat' dir='ltr'>V.</span> <span class='ocrx_word' id='word_1_296' title='bbox 780 1049 813 1069; x_wconf 82' lang='lat' dir='ltr'><strong>De</strong></span> <span class='ocrx_word' id='word_1_297' title='bbox 825 1048 897 1069; x_wconf 81' lang='lat' dir='ltr'><strong>iudicio</strong></span> <span class='ocrx_word' id='word_1_298' title='bbox 907 1048 1029 1069; x_wconf 77' lang='lat' dir='ltr'><strong>sacerdotum</strong></span> <span class='ocrx_word' id='word_1_299' title='bbox 1039 1052 1060 1069; x_wconf 79' lang='lat' dir='ltr'><strong>et</strong></span> <span class='ocrx_word' id='word_1_300' title='bbox 1068 1047 1187 1069; x_wconf 61' lang='lat' dir='ltr'><strong>aecclesiam&gt;</strong></span> 
     </span>
     <span class='ocr_line' id='line_1_67' title="bbox 798 1077 941 1098; baseline 0 -1"><span class='ocrx_word' id='word_1_301' title='bbox 798 1077 827 1097; x_wconf 83' lang='lat' dir='ltr'><strong>cis</strong></span> <span class='ocrx_word' id='word_1_302' title='bbox 837 1077 941 1098; x_wconf 86' lang='lat' dir='ltr'><strong>iudicibus.</strong></span> 
     </span>
    </p>

    <p class='ocr_par' dir='ltr' id='par_1_30' title="bbox 741 1104 1188 1161">
     <span class='ocr_line' id='line_1_68' title="bbox 741 1104 1188 1133; baseline -0.002 -8"><span class='ocrx_word' id='word_1_303' title='bbox 741 1105 777 1125; x_wconf 85' lang='lat' dir='ltr'><strong>VI.</strong></span> <span class='ocrx_word' id='word_1_304' title='bbox 793 1105 852 1131; x_wconf 85' lang='lat' dir='ltr'><strong>Quod</strong></span> <span class='ocrx_word' id='word_1_305' title='bbox 870 1106 941 1126; x_wconf 79' lang='lat' dir='ltr'><strong>absens</strong></span> <span class='ocrx_word' id='word_1_306' title='bbox 958 1112 1016 1126; x_wconf 85' lang='lat' dir='ltr'><strong>nemo</strong></span> <span class='ocrx_word' id='word_1_307' title='bbox 1033 1106 1098 1133; x_wconf 82' lang='lat' dir='ltr'><strong>possit</strong></span> <span class='ocrx_word' id='word_1_308' title='bbox 1114 1104 1188 1125; x_wconf 82' lang='lat' dir='ltr'><strong>iudicari</strong></span> 
     </span>
     <span class='ocr_line' id='line_1_69' title="bbox 799 1134 948 1161; baseline 0 -7"><span class='ocrx_word' id='word_1_309' title='bbox 799 1141 865 1161; x_wconf 85' lang='lat' dir='ltr'><strong>nequo</strong></span> <span class='ocrx_word' id='word_1_310' title='bbox 876 1134 948 1155; x_wconf 77' lang='lat' dir='ltr'><strong>addici.</strong></span> 
     </span>
    </p>
   </div>
   <div class='ocr_carea' id='block_1_8' title="bbox 486 1190 981 1218">
    <p class='ocr_par' dir='ltr' id='par_1_31' title="bbox 486 1190 981 1218">
     <span class='ocr_line' id='line_1_70' title="bbox 486 1190 981 1218; baseline 0.004 -8"><span class='ocrx_word' id='word_1_311' title='bbox 486 1190 535 1210; x_wconf 89' lang='lat' dir='ltr'><strong>XX.</strong></span> <span class='ocrx_word' id='word_1_312' title='bbox 558 1190 637 1211; x_wconf 83' lang='lat' dir='ltr'><strong>Tituli</strong></span> <span class='ocrx_word' id='word_1_313' title='bbox 652 1190 801 1211; x_wconf 84' lang='lat' dir='ltr'><strong>decretorum</strong></span> <span class='ocrx_word' id='word_1_314' title='bbox 815 1191 886 1211; x_wconf 80' lang='lat' dir='ltr'><strong>Lucii</strong></span> <span class='ocrx_word' id='word_1_315' title='bbox 900 1198 981 1218; x_wconf 84' lang='lat' dir='ltr'><strong>papae.</strong></span> 
     </span>
    </p>
   </div>
   <div class='ocr_carea' id='block_1_9' title="bbox 258 1230 714 1687">
    <p class='ocr_par' dir='ltr' id='par_1_32' title="bbox 258 1230 714 1687">
     <span class='ocr_line' id='line_1_71' title="bbox 258 1230 714 1257; baseline 0.002 -7"><span class='ocrx_word' id='word_1_316' title='bbox 258 1230 274 1250; x_wconf 87' lang='lat'><strong>1.</strong></span> <span class='ocrx_word' id='word_1_317' title='bbox 293 1230 322 1250; x_wconf 83' lang='lat' dir='ltr'><strong>Ut</strong></span> <span class='ocrx_word' id='word_1_318' title='bbox 340 1230 427 1257; x_wconf 81' lang='lat' dir='ltr'><strong>episcopi</strong></span> <span class='ocrx_word' id='word_1_319' title='bbox 444 1233 526 1257; x_wconf 83' lang='lat' dir='ltr'><strong>propter</strong></span> <span class='ocrx_word' id='word_1_320' title='bbox 542 1238 648 1257; x_wconf 78' lang='lat' dir='ltr'><strong>pravorum</strong></span> <span class='ocrx_word' id='word_1_321' title='bbox 666 1230 714 1251; x_wconf 80' lang='lat' dir='ltr'><strong>infa-</strong></span> 
     </span>
     <span class='ocr_line' id='line_1_72' title="bbox 315 1259 713 1286; baseline 0.003 -8"><span class='ocrx_word' id='word_1_322' title='bbox 315 1259 376 1278; x_wconf 87' lang='lat' dir='ltr'><strong>miam</strong></span> <span class='ocrx_word' id='word_1_323' title='bbox 388 1266 466 1286; x_wconf 82' lang='lat' dir='ltr'><strong>semper</strong></span> <span class='ocrx_word' id='word_1_324' title='bbox 477 1266 543 1279; x_wconf 86' lang='lat' dir='ltr'><strong>secum</strong></span> <span class='ocrx_word' id='word_1_325' title='bbox 558 1262 578 1279; x_wconf 82' lang='lat' dir='ltr'><strong>ct</strong></span> <span class='ocrx_word' id='word_1_326' title='bbox 591 1259 666 1286; x_wconf 85' lang='lat' dir='ltr'><strong>ubique</strong></span> <span class='ocrx_word' id='word_1_327' title='bbox 680 1259 713 1279; x_wconf 86' lang='lat' dir='ltr'><strong>ha-</strong></span> 
     </span>
     <span class='ocr_line' id='line_1_73' title="bbox 275 1267 714 1314; baseline 0.002 -7"><span class='ocrx_word' id='word_1_328' title='bbox 275 1291 279 1293; x_wconf 59' lang='lat'><em>*</em></span> <span class='ocrx_word' id='word_1_329' title='bbox 316 1287 377 1307; x_wconf 86' lang='lat' dir='ltr'><strong>beant</strong></span> <span class='ocrx_word' id='word_1_330' title='bbox 390 1290 449 1308; x_wconf 78' lang='lat' dir='ltr'><strong>testes</strong></span> <span class='ocrx_word' id='word_1_331' title='bbox 464 1291 484 1307; x_wconf 89' lang='lat' dir='ltr'><strong>et</strong></span> <span class='ocrx_word' id='word_1_332' title='bbox 500 1288 619 1314; x_wconf 80' lang='lat' dir='ltr'><strong>presbiteros</strong></span> <span class='ocrx_word' id='word_1_333' title='bbox 626 1267 657 1308; x_wconf 76' lang='lat' dir='ltr'><strong>qet</strong></span> <span class='ocrx_word' id='word_1_334' title='bbox 673 1288 714 1308; x_wconf 77' lang='lat' dir='ltr'><strong>dia-</strong></span> 
     </span>
     <span class='ocr_line' id='line_1_74' title="bbox 316 1322 381 1336; baseline -0.015 0"><span class='ocrx_word' id='word_1_335' title='bbox 316 1322 381 1336; x_wconf 76' lang='lat' dir='ltr'><strong>conss.</strong></span> 
     </span>
     <span class='ocr_line' id='line_1_75' title="bbox 258 1345 713 1371; baseline 0 -6"><span class='ocrx_word' id='word_1_336' title='bbox 258 1345 286 1365; x_wconf 90' lang='grc' dir='ltr'><strong>ΙΙ.</strong></span> <span class='ocrx_word' id='word_1_337' title='bbox 300 1345 333 1365; x_wconf 84' lang='lat' dir='ltr'><strong>De</strong></span> <span class='ocrx_word' id='word_1_338' title='bbox 345 1345 442 1371; x_wconf 82' lang='lat' dir='ltr'><strong>episcopis</strong></span> <span class='ocrx_word' id='word_1_339' title='bbox 457 1351 497 1364; x_wconf 85' lang='lat' dir='ltr'><strong>non</strong></span> <span class='ocrx_word' id='word_1_340' title='bbox 512 1345 582 1365; x_wconf 72' lang='lat' dir='ltr'><strong>leviter</strong></span> <span class='ocrx_word' id='word_1_341' title='bbox 597 1345 713 1366; x_wconf 80' lang='lat' dir='ltr'><strong>accusandis</strong></span> 
     </span>
     <span class='ocr_line' id='line_1_76' title="bbox 315 1373 713 1400; baseline 0.003 -7"><span class='ocrx_word' id='word_1_342' title='bbox 315 1376 336 1393; x_wconf 86' lang='lat' dir='ltr'><strong>et</strong></span> <span class='ocrx_word' id='word_1_343' title='bbox 347 1380 360 1393; x_wconf 83' lang='lat' dir='ltr'><strong>a</strong></span> <span class='ocrx_word' id='word_1_344' title='bbox 371 1373 442 1400; x_wconf 87' lang='lat' dir='ltr'><strong>quibus</strong></span> <span class='ocrx_word' id='word_1_345' title='bbox 457 1373 603 1394; x_wconf 82' lang='lat' dir='ltr'><strong>criminationes</strong></span> <span class='ocrx_word' id='word_1_346' title='bbox 617 1374 713 1394; x_wconf 86' lang='lat' dir='ltr'><strong>maiorum</strong></span> 
     </span>
     <span class='ocr_line' id='line_1_77' title="bbox 315 1402 713 1423; baseline 0.005 -2"><span class='ocrx_word' id='word_1_347' title='bbox 315 1405 363 1422; x_wconf 72' lang='lat' dir='ltr'><strong>natu</strong></span> <span class='ocrx_word' id='word_1_348' title='bbox 379 1402 422 1422; x_wconf 84' lang='lat' dir='ltr'><strong>fieri</strong></span> <span class='ocrx_word' id='word_1_349' title='bbox 437 1402 522 1422; x_wconf 85' lang='lat' dir='ltr'><strong>debeant</strong></span> <span class='ocrx_word' id='word_1_350' title='bbox 539 1405 559 1422; x_wconf 88' lang='lat' dir='ltr'><strong>et</strong></span> <span class='ocrx_word' id='word_1_351' title='bbox 577 1402 602 1422; x_wconf 82' lang='lat' dir='ltr'><strong>de</strong></span> <span class='ocrx_word' id='word_1_352' title='bbox 616 1402 713 1423; x_wconf 84' lang='lat' dir='ltr'><strong>iudicibus</strong></span> 
     </span>
     <span class='ocr_line' id='line_1_78' title="bbox 317 1430 472 1450; baseline 0 0"><span class='ocrx_word' id='word_1_353' title='bbox 317 1430 472 1450; x_wconf 77' lang='lat' dir='ltr'><strong>aecclesiasticis.</strong></span> 
     </span>
     <span class='ocr_line' id='line_1_79' title="bbox 313 1459 713 1486; baseline 0 -7"><span class='ocrx_word' id='word_1_354' title='bbox 313 1459 372 1484; x_wconf 78' lang='lat' dir='ltr'><strong>Quod</strong></span> <span class='ocrx_word' id='word_1_355' title='bbox 382 1459 544 1486; x_wconf 67' lang='lat' dir='ltr'><strong>metropolitanus</strong></span> <span class='ocrx_word' id='word_1_356' title='bbox 556 1459 629 1486; x_wconf 80' lang='lat' dir='ltr'><strong>gradus</strong></span> <span class='ocrx_word' id='word_1_357' title='bbox 638 1460 668 1479; x_wconf 89' lang='lat' dir='ltr'><strong>sui</strong></span> <span class='ocrx_word' id='word_1_358' title='bbox 680 1459 713 1486; x_wconf 83' lang='lat' dir='ltr'><strong>p&#39;e-</strong></span> 
     </span>
     <span class='ocr_line' id='line_1_80' title="bbox 315 1487 713 1515; baseline 0.003 -8"><span class='ocrx_word' id='word_1_359' title='bbox 315 1488 377 1508; x_wconf 87' lang='lat' dir='ltr'><strong>riculo</strong></span> <span class='ocrx_word' id='word_1_360' title='bbox 400 1487 502 1508; x_wconf 79' lang='lat' dir='ltr'><strong>subiaceat</strong></span> <span class='ocrx_word' id='word_1_361' title='bbox 524 1488 541 1507; x_wconf 88' lang='lat' dir='ltr'><strong>si</strong></span> <span class='ocrx_word' id='word_1_362' title='bbox 562 1488 634 1515; x_wconf 83' lang='lat' dir='ltr'><strong>aliquis</strong></span> <span class='ocrx_word' id='word_1_363' title='bbox 657 1491 713 1508; x_wconf 77' lang='lat' dir='ltr'><strong>extra</strong></span> 
     </span>
     <span class='ocr_line' id='line_1_81' title="bbox 315 1516 712 1543; baseline 0 -7"><span class='ocrx_word' id='word_1_364' title='bbox 315 1523 374 1542; x_wconf 79' lang='lat' dir='ltr'><strong>agere</strong></span> <span class='ocrx_word' id='word_1_365' title='bbox 403 1516 529 1543; x_wconf 67' lang='lat' dir='ltr'><strong>temptaverit</strong></span> <span class='ocrx_word' id='word_1_366' title='bbox 557 1516 599 1537; x_wconf 87' lang='lat' dir='ltr'><strong>sine</strong></span> <span class='ocrx_word' id='word_1_367' title='bbox 630 1517 712 1537; x_wconf 84' lang='lat' dir='ltr'><strong>consilio</strong></span> 
     </span>
     <span class='ocr_line' id='line_1_82' title="bbox 315 1545 713 1572; baseline 0.003 -8"><span class='ocrx_word' id='word_1_368' title='bbox 315 1545 402 1565; x_wconf 82' lang='lat' dir='ltr'><strong>omnium</strong></span> <span class='ocrx_word' id='word_1_369' title='bbox 424 1545 617 1571; x_wconf 80' lang='lat' dir='ltr'><strong>comprovincialium</strong></span> <span class='ocrx_word' id='word_1_370' title='bbox 640 1546 713 1572; x_wconf 80' lang='lat' dir='ltr'><strong>episco-</strong></span> 
     </span>
     <span class='ocr_line' id='line_1_83' title="bbox 314 1573 712 1607; baseline 0 -14"><span class='ocrx_word' id='word_1_371' title='bbox 314 1580 392 1600; x_wconf 82' lang='lat' dir='ltr'><strong>porum,</strong></span> <span class='ocrx_word' id='word_1_372' title='bbox 407 1573 445 1593; x_wconf 85' lang='lat' dir='ltr'><strong>nisi</strong></span> <span class='ocrx_word' id='word_1_373' title='bbox 457 1573 511 1600; x_wconf 91' lang='lat' dir='ltr'><strong>quod</strong></span> <span class='ocrx_word' id='word_1_374' title='bbox 523 1574 548 1593; x_wconf 82' lang='lat' dir='ltr'><strong>ad</strong></span> <span class='ocrx_word' id='word_1_375' title='bbox 560 1580 616 1594; x_wconf 86' lang='lat' dir='ltr'><strong>suam</strong></span> <span class='ocrx_word' id='word_1_376' title='bbox 627 1574 712 1607; x_wconf 74' lang='lat' dir='ltr'><strong>pertinet</strong></span> 
     </span>
     <span class='ocr_line' id='line_1_84' title="bbox 315 1599 711 1636; baseline 0.003 -14"><span class='ocrx_word' id='word_1_377' title='bbox 315 1602 447 1636; x_wconf 81' lang='lat' dir='ltr'><strong>parrochiam:</strong></span> <span class='ocrx_word' id='word_1_378' title='bbox 462 1599 556 1623; x_wconf 82' lang='lat' dir='ltr'><strong>similiter</strong></span> <span class='ocrx_word' id='word_1_379' title='bbox 564 1605 583 1622; x_wconf 87' lang='lat' dir='ltr'><strong>et</strong></span> <span class='ocrx_word' id='word_1_380' title='bbox 595 1603 633 1629; x_wconf 88' lang='lat' dir='ltr'><strong>ipsi</strong></span> <span class='ocrx_word' id='word_1_381' title='bbox 645 1603 711 1623; x_wconf 88' lang='lat' dir='ltr'><strong>omnia</strong></span> 
     </span>
     <span class='ocr_line' id='line_1_85' title="bbox 314 1631 678 1658; baseline 0.003 -8"><span class='ocrx_word' id='word_1_382' title='bbox 314 1637 358 1651; x_wconf 88' lang='lat' dir='ltr'><strong>cum</strong></span> <span class='ocrx_word' id='word_1_383' title='bbox 369 1631 412 1651; x_wconf 84' lang='lat' dir='ltr'><strong>eius</strong></span> <span class='ocrx_word' id='word_1_384' title='bbox 424 1631 506 1651; x_wconf 80' lang='lat' dir='ltr'><strong>consilio</strong></span> <span class='ocrx_word' id='word_1_385' title='bbox 518 1638 577 1658; x_wconf 81' lang='lat' dir='ltr'><strong>agere</strong></span> <span class='ocrx_word' id='word_1_386' title='bbox 588 1631 678 1651; x_wconf 82' lang='lat' dir='ltr'><strong>debeant.</strong></span> 
     </span>
     <span class='ocr_line' id='line_1_86' title="bbox 258 1658 709 1687; baseline 0.002 -8"><span class='ocrx_word' id='word_1_387' title='bbox 258 1659 294 1679; x_wconf 87' lang='lat' dir='ltr'><strong>lv.</strong></span> <span class='ocrx_word' id='word_1_388' title='bbox 309 1658 337 1679; x_wconf 93' lang='lat' dir='ltr'><strong>Ut</strong></span> <span class='ocrx_word' id='word_1_389' title='bbox 348 1659 413 1679; x_wconf 85' lang='lat' dir='ltr'><strong>nullus</strong></span> <span class='ocrx_word' id='word_1_390' title='bbox 426 1660 586 1687; x_wconf 78' lang='lat' dir='ltr'><strong>metropolitanus</strong></span> <span class='ocrx_word' id='word_1_391' title='bbox 598 1667 666 1681; x_wconf 80' lang='lat' dir='ltr'><strong>causas</strong></span> <span class='ocrx_word' id='word_1_392' title='bbox 676 1660 709 1680; x_wconf 85' lang='lat' dir='ltr'><strong>ali-</strong></span> 
     </span>
    </p>
   </div>
   <div class='ocr_carea' id='block_1_10' title="bbox 259 1459 298 1479">
    <p class='ocr_par' dir='ltr' id='par_1_33' title="bbox 259 1459 298 1479">
     <span class='ocr_line' id='line_1_87' title="bbox 259 1459 298 1479; baseline 0 0"><span class='ocrx_word' id='word_1_393' title='bbox 259 1459 298 1479; x_wconf 88' lang='lat'>111.</span> 
     </span>
    </p>
   </div>
   <div class='ocr_carea' id='block_1_11' title="bbox 740 1230 1196 1652">
    <p class='ocr_par' dir='ltr' id='par_1_34' title="bbox 798 1230 1191 1309">
     <span class='ocr_line' id='line_1_88' title="bbox 800 1230 1190 1258; baseline -0.005 -7"><span class='ocrx_word' id='word_1_394' title='bbox 800 1238 883 1258; x_wconf 86' lang='lat' dir='ltr'><strong>quorum</strong></span> <span class='ocrx_word' id='word_1_395' title='bbox 895 1232 1032 1258; x_wconf 82' lang='lat' dir='ltr'><strong>episcoporum</strong></span> <span class='ocrx_word' id='word_1_396' title='bbox 1044 1230 1190 1258; x_wconf 79' lang='lat' dir='ltr'><strong>comprovincia-</strong></span> 
     </span>
     <span class='ocr_line' id='line_1_89' title="bbox 798 1259 1191 1287; baseline -0.008 -7"><span class='ocrx_word' id='word_1_397' title='bbox 798 1259 848 1280; x_wconf 86' lang='lat' dir='ltr'><strong>lium</strong></span> <span class='ocrx_word' id='word_1_398' title='bbox 863 1259 931 1280; x_wconf 85' lang='lat' dir='ltr'><strong>audiat</strong></span> <span class='ocrx_word' id='word_1_399' title='bbox 945 1260 1020 1287; x_wconf 82' lang='lat' dir='ltr'><strong>absque</strong></span> <span class='ocrx_word' id='word_1_400' title='bbox 1037 1260 1126 1280; x_wconf 88' lang='lat' dir='ltr'><strong>omnium</strong></span> <span class='ocrx_word' id='word_1_401' title='bbox 1143 1264 1191 1286; x_wconf 79' lang='lat' dir='ltr'><strong>prae-</strong></span> 
     </span>
     <span class='ocr_line' id='line_1_90' title="bbox 798 1289 866 1309; baseline -0.015 0"><span class='ocrx_word' id='word_1_402' title='bbox 798 1289 866 1309; x_wconf 82' lang='lat' dir='ltr'><strong>sentia.</strong></span> 
     </span>
    </p>

    <p class='ocr_par' dir='ltr' id='par_1_35' title="bbox 741 1315 1192 1423">
     <span class='ocr_line' id='line_1_91' title="bbox 741 1315 1191 1344; baseline -0.007 -7"><span class='ocrx_word' id='word_1_403' title='bbox 741 1317 766 1337; x_wconf 88' lang='lat' dir='ltr'><strong>V.</strong></span> <span class='ocrx_word' id='word_1_404' title='bbox 782 1317 811 1337; x_wconf 85' lang='lat' dir='ltr'><strong>Ut</strong></span> <span class='ocrx_word' id='word_1_405' title='bbox 825 1317 912 1344; x_wconf 81' lang='lat' dir='ltr'><strong>episcopi</strong></span> <span class='ocrx_word' id='word_1_406' title='bbox 928 1317 1045 1343; x_wconf 76' lang='lat' dir='ltr'><strong>posteriores</strong></span> <span class='ocrx_word' id='word_1_407' title='bbox 1063 1323 1085 1337; x_wconf 91' lang='lat' dir='ltr'><strong>se</strong></span> <span class='ocrx_word' id='word_1_408' title='bbox 1100 1315 1191 1344; x_wconf 82' lang='lat' dir='ltr'><strong>prioribus</strong></span> 
     </span>
     <span class='ocr_line' id='line_1_92' title="bbox 798 1345 1192 1372; baseline -0.005 -6"><span class='ocrx_word' id='word_1_409' title='bbox 798 1346 839 1366; x_wconf 88' lang='lat' dir='ltr'><strong>suis</strong></span> <span class='ocrx_word' id='word_1_410' title='bbox 851 1353 890 1366; x_wconf 88' lang='lat' dir='ltr'><strong>non</strong></span> <span class='ocrx_word' id='word_1_411' title='bbox 902 1345 1024 1372; x_wconf 82' lang='lat' dir='ltr'><strong>praeferant,</strong></span> <span class='ocrx_word' id='word_1_412' title='bbox 1042 1352 1079 1365; x_wconf 86' lang='lat' dir='ltr'><strong>nec</strong></span> <span class='ocrx_word' id='word_1_413' title='bbox 1091 1346 1121 1365; x_wconf 86' lang='lat' dir='ltr'><strong>eis</strong></span> <span class='ocrx_word' id='word_1_414' title='bbox 1132 1346 1192 1365; x_wconf 86' lang='lat' dir='ltr'><strong>incon-</strong></span> 
     </span>
     <span class='ocr_line' id='line_1_93' title="bbox 798 1373 1192 1401; baseline -0.005 -7"><span class='ocrx_word' id='word_1_415' title='bbox 798 1374 856 1394; x_wconf 86' lang='lat' dir='ltr'><strong>sultis</strong></span> <span class='ocrx_word' id='word_1_416' title='bbox 867 1374 943 1401; x_wconf 85' lang='lat' dir='ltr'><strong>aliquid</strong></span> <span class='ocrx_word' id='word_1_417' title='bbox 955 1377 1015 1401; x_wconf 80' lang='lat' dir='ltr'><strong>agant</strong></span> <span class='ocrx_word' id='word_1_418' title='bbox 1027 1374 1052 1394; x_wconf 85' lang='lat' dir='ltr'><strong>de</strong></span> <span class='ocrx_word' id='word_1_419' title='bbox 1061 1373 1192 1394; x_wconf 80' lang='lat' dir='ltr'><strong>communibus</strong></span> 
     </span>
     <span class='ocr_line' id='line_1_94' title="bbox 798 1409 948 1423; baseline -0.007 0"><span class='ocrx_word' id='word_1_420' title='bbox 798 1410 863 1423; x_wconf 67' lang='lat' dir='ltr'><strong>fflflffl</strong></span> <span class='ocrx_word' id='word_1_421' title='bbox 875 1409 948 1423; x_wconf 69' lang='lat' dir='ltr'>eomm.</span> 
     </span>
    </p>

    <p class='ocr_par' dir='ltr' id='par_1_36' title="bbox 741 1429 1194 1508">
     <span class='ocr_line' id='line_1_95' title="bbox 741 1429 1193 1458; baseline -0.004 -7"><span class='ocrx_word' id='word_1_422' title='bbox 741 1431 777 1451; x_wconf 82' lang='lat' dir='ltr'><strong>VL</strong></span> <span class='ocrx_word' id='word_1_423' title='bbox 795 1431 828 1452; x_wconf 85' lang='lat' dir='ltr'><strong>De</strong></span> <span class='ocrx_word' id='word_1_424' title='bbox 845 1432 933 1458; x_wconf 83' lang='lat' dir='ltr'><strong>germine</strong></span> <span class='ocrx_word' id='word_1_425' title='bbox 951 1431 1033 1451; x_wconf 83' lang='lat' dir='ltr'><strong>alicuius</strong></span> <span class='ocrx_word' id='word_1_426' title='bbox 1050 1431 1099 1451; x_wconf 81' lang='lat' dir='ltr'><strong>mali</strong></span> <span class='ocrx_word' id='word_1_427' title='bbox 1120 1433 1154 1450; x_wconf 89' lang='lat' dir='ltr'><strong>aut</strong></span> <span class='ocrx_word' id='word_1_428' title='bbox 1169 1429 1193 1449; x_wconf 85' lang='lat' dir='ltr'><strong>in-</strong></span> 
     </span>
     <span class='ocr_line' id='line_1_96' title="bbox 798 1458 1194 1480; baseline -0.008 0"><span class='ocrx_word' id='word_1_429' title='bbox 798 1460 909 1480; x_wconf 72' lang='lat' dir='ltr'><strong>festationis</strong></span> <span class='ocrx_word' id='word_1_430' title='bbox 920 1460 1065 1480; x_wconf 83' lang='lat' dir='ltr'><strong>aecclesiastico</strong></span> <span class='ocrx_word' id='word_1_431' title='bbox 1076 1458 1194 1479; x_wconf 79' lang='lat' dir='ltr'><strong>abscidendo</strong></span> 
     </span>
     <span class='ocr_line' id='line_1_97' title="bbox 798 1495 896 1508; baseline 0 0"><span class='ocrx_word' id='word_1_432' title='bbox 798 1495 896 1508; x_wconf 83' lang='lat' dir='ltr'><strong>mucrone.</strong></span> 
     </span>
    </p>

    <p class='ocr_par' dir='ltr' id='par_1_37' title="bbox 741 1516 1194 1566">
     <span class='ocr_line' id='line_1_98' title="bbox 741 1516 1194 1537; baseline -0.002 0"><span class='ocrx_word' id='word_1_433' title='bbox 741 1517 789 1537; x_wconf 85' lang='lat' dir='ltr'>vn.</span> <span class='ocrx_word' id='word_1_434' title='bbox 802 1517 835 1537; x_wconf 87' lang='lat' dir='ltr'><strong>De</strong></span> <span class='ocrx_word' id='word_1_435' title='bbox 847 1517 969 1537; x_wconf 83' lang='lat' dir='ltr'><strong>invasoribus</strong></span> <span class='ocrx_word' id='word_1_436' title='bbox 981 1523 1046 1537; x_wconf 89' lang='lat' dir='ltr'><strong>rerum</strong></span> <span class='ocrx_word' id='word_1_437' title='bbox 1058 1516 1194 1537; x_wconf 76' lang='lat' dir='ltr'><strong>aecclesiarum</strong></span> 
     </span>
     <span class='ocr_line' id='line_1_99' title="bbox 798 1545 1057 1566; baseline -0.004 0"><span class='ocrx_word' id='word_1_438' title='bbox 798 1548 819 1566; x_wconf 83' lang='lat' dir='ltr'><strong>et</strong></span> <span class='ocrx_word' id='word_1_439' title='bbox 830 1546 952 1566; x_wconf 79' lang='lat' dir='ltr'><strong>oblationum</strong></span> <span class='ocrx_word' id='word_1_440' title='bbox 963 1545 1057 1566; x_wconf 82' lang='lat' dir='ltr'><strong>fidelium.</strong></span> 
     </span>
    </p>

    <p class='ocr_par' dir='ltr' id='par_1_38' title="bbox 740 1574 1196 1652">
     <span class='ocr_line' id='line_1_100' title="bbox 740 1574 1196 1600; baseline -0.007 -6"><span class='ocrx_word' id='word_1_441' title='bbox 740 1574 798 1594; x_wconf 92' lang='lat' dir='ltr'>VIII.</span> <span class='ocrx_word' id='word_1_442' title='bbox 814 1574 873 1599; x_wconf 83' lang='lat' dir='ltr'><strong>Quod</strong></span> <span class='ocrx_word' id='word_1_443' title='bbox 884 1574 975 1595; x_wconf 78' lang='lat' dir='ltr'><strong>Romana</strong></span> <span class='ocrx_word' id='word_1_444' title='bbox 983 1574 1078 1594; x_wconf 78' lang='lat' dir='ltr'><strong>aecclesia</strong></span> <span class='ocrx_word' id='word_1_445' title='bbox 1087 1579 1196 1600; x_wconf 77' lang='lat' dir='ltr'><strong>numquam</strong></span> 
     </span>
     <span class='ocr_line' id='line_1_101' title="bbox 796 1601 1195 1624; baseline -0.008 -1"><span class='ocrx_word' id='word_1_446' title='bbox 796 1603 892 1623; x_wconf 80' lang='lat' dir='ltr'><strong>erraverit</strong></span> <span class='ocrx_word' id='word_1_447' title='bbox 908 1610 945 1624; x_wconf 88' lang='lat' dir='ltr'><strong>nec</strong></span> <span class='ocrx_word' id='word_1_448' title='bbox 963 1602 1053 1624; x_wconf 82' lang='lat' dir='ltr'><strong>hereticis</strong></span> <span class='ocrx_word' id='word_1_449' title='bbox 1073 1601 1195 1623; x_wconf 79' lang='lat' dir='ltr'><strong>novitatibus</strong></span> 
     </span>
     <span class='ocr_line' id='line_1_102' title="bbox 796 1632 924 1652; baseline 0 0"><span class='ocrx_word' id='word_1_450' title='bbox 796 1632 924 1652; x_wconf 74' lang='lat' dir='ltr'><strong>succubuerit.</strong></span> 
     </span>
    </p>
   </div>
  </div>
 </body>
</html>
