1231 1931
365 114 401 132 AD
414 113 748 134 CONSTANTINOPOLITANOS.

85 167 137 183 ctum
149 167 177 183 est
190 164 244 188 nihil,
261 165 344 189 superior
357 167 386 184 est
398 166 482 184 omnibus
495 171 543 189 quae

84 188 162 211 creavit,
165 194 201 207 neo
206 194 294 211 umquam
300 189 379 207 arestari
385 195 418 207 suo
424 195 462 207 non
468 190 543 207 fuerunt

85 211 172 229 subiecta
186 217 234 235 quae
249 211 337 229 condidit.
364 211 399 229 Cui
414 212 508 235 proprium
523 214 543 230 et

85 234 219 257 sempiternum
226 236 262 257 est,
269 240 304 253 nec
310 234 385 253 aliunde
404 240 447 253 uam
453 235 476 253 de
482 237 542 258 patre,

84 262 121 275 nec
127 257 179 275 aliud
186 262 225 275 esse
245 262 287 275 uam
294 259 348 281 pater
354 260 387 276 est,
419 258 450 276 uic
455 258 471 276 si
477 258 542 276 addita

85 282 114 297 est
120 282 209 303 potestas,
216 280 231 298 si
238 280 331 298 illustrata
337 280 428 304 dignitas,
438 281 453 299 si
460 281 542 299 exaltata

84 303 197 325 sublimitas,
207 303 266 321 minor
274 305 315 322 erst
323 304 436 327 provehente
447 304 479 327 qui
485 304 543 322 crevit

84 331 121 344 nec
126 326 209 344 habebat
218 326 292 344 divitias
301 326 340 344 eius
349 329 427 345 naturae
436 327 488 344 cuius
494 327 540 344 indi-

84 348 127 372 guit
133 349 226 373 largitate.
242 349 279 367 Sed
286 349 333 367 talia
342 349 452 368 sentientem
458 350 477 367 in
484 350 541 368 socie-

84 374 145 390 tatem
154 377 206 390 suam
214 371 280 389 Arrius
288 373 347 396 rapit,
360 372 412 390 cuius
424 372 541 396 perversitati

84 394 163 412 multam
175 395 222 412 haee
235 394 281 412 suffr
319 397 349 413 tur
359 395 454 419 impietas,
469 401 541 419 negans

84 417 142 435 verbo
151 417 181 435 dei
191 418 290 436 humanam
299 423 359 436 messe
365 421 457 441 naturam,
466 421 488 436 ut
497 419 541 436 dum

84 440 209 458 humilitatem
223 441 243 458 in
258 441 289 459 dei
303 441 401 459 maiestate
417 441 491 459 fastidit
508 443 541 459 aut

84 464 151 481 salsam
160 464 180 481 in
188 463 262 481 Christo
271 466 341 482 asserat
351 464 450 488 imaginem
459 464 541 487 corporis

85 489 118 504 sut
124 492 188 505 omnes
197 486 279 504 actiones
288 486 327 504 eius
335 487 466 511 passionesque
476 492 540 511 corpo-

84 515 126 527 reas
133 509 207 527 deitatis
217 509 279 533 potius
285 509 342 527 fuisse
352 510 403 528 dieat
412 515 468 533 quam
474 510 540 528 carnis.

85 532 187 554 Quodlibet
196 535 258 550 autem
270 533 368 551 defendere
377 532 540 556 audent‚'prorsus

84 556 170 573 insanum
179 558 217 578 est,
226 555 271 579 quia
280 561 314 573 nee
325 556 386 579 pietas
395 555 439 574 fidei
449 561 482 574 nec
491 556 540 574 ratio

84 578 151 601 recipit
163 578 280 600 sacramenti,
293 580 314 596 ut
324 581 357 596 aut
369 578 440 602 aliquid
448 584 504 602 passa
516 579 540 597 sit

85 601 146 619 deitas
152 601 210 619 autin
219 601 257 619 ullo
263 601 341 619 mentite.
349 601 374 619 sit
380 602 453 619 veritas.
470 602 540 625 Impas-

83 624 142 642 sibilis
152 624 210 647 igitur
216 624 245 642 dei
254 623 309 647 filius,
319 625 349 643 cui
358 630 400 642 cum
408 627 462 648 patre
471 626 491 642 et
499 630 540 643 eum

84 647 151 670 spiritu
157 649 222 665 sancto
226 647 286 665 inuna
291 647 445 665 incommutabilis
451 647 540 665 trinitatis

84 670 171 691 essentia,
177 670 212 688 hoc
219 670 269 693 quod
276 673 310 693 est,
318 676 357 688 esse
364 673 474 693 perpetuum
480 672 514 692 est,
521 671 540 688 in

84 693 229 720 eaplenitudine
236 693 323 716 temporis
328 699 376 716 quae
382 693 493 717 sempiterno
497 699 540 711 eon-

84 716 126 734 silio
138 716 200 733 fuerat
211 717 323 739 praestituta
335 718 354 734 et
364 716 474 740 prophetica
482 716 540 734 dicu>-

83 745 124 757 rum
131 744 142 756 a
164 744 187 756 ue
196 742 289 762 gestorum
299 738 436 763 significatione
445 739 540 762 promissa,

84 763 146 780 fuctus
171 762 206 788 lius
216 762 303 785 hominis,
315 768 353 780 non
365 768 409 780 suae
421 762 540 780 conversione

84 785 209 807 substantiae,
216 785 249 803 sed
258 787 332 803 nesta-ae
342 785 456 803 assumtione
462 787 540 803 naturae

84 807 136 826 venit
141 813 231 831 quaerere
237 807 331 826 etsslvare
337 808 387 831 quod
390 808 476 831 perierat.
482 808 541 826 Venit

83 833 146 849 nutem
159 836 195 848 non
208 831 262 848 locali
274 836 349 849 secessu
361 836 395 849 nee
407 831 488 849 motione
500 836 539 849 cor-

83 859 142 877 porea
156 856 251 877 tamquam
263 859 350 877 praesens
362 854 435 872 futurus
446 854 496 872 unde
508 854 540 871 ab·

83 876 150 895 fuisset
162 879 195 894 aut
209 876 260 895 illinc
274 882 378 895 recessurus
393 877 442 895 unde
453 877 539 899 venisset7

84 900 117 917 sed
126 900 177 917 venit
186 905 219 923 per
228 899 263 917 hoc
273 900 322 923 quod
332 902 372 918 erat
380 899 452 918 visibile
462 902 481 917 et
490 905 539 918 com-

83 927 139 940 mune
157 922 274 940 cernentibus
292 923 422 945 declarandus,
441 922 540 940 humanam

83 945 155 963 scilicet
163 951 237 963 carnem
249 948 305 969 atque
317 946 397 964 animam
409 946 428 963 in
440 945 540 972 visceribus

83 971 358 1018 {sttffzeffssssmffifflfsss’
362 971 540 1010 ὲῑωῗὲεῗὲἲῖῗὶιῑῖἓ

84 1015 168 1032 tudinem
174 1020 234 1032 carnis
240 1015 313 1038 peccati
319 1017 389 1037 uniret,
402 1020 434 1038 per
440 1020 496 1038 quam
502 1020 540 1032 non

83 1038 176 1055 minueret
191 1038 254 1056 divina
268 1038 353 1056 humanis
368 1038 401 1055 sed
415 1039 492 1061 sugeret
506 1037 540 1055 hu-

84 1066 140 1078 mana
149 1061 221 1078 divinis.

118 1083 172 1101 Talis
181 1084 230 1101 enim
242 1085 283 1101 erat
294 1083 375 1101 omnium
384 1089 396 1101 n
407 1083 471 1107 primis
483 1083 540 1101 ducta

84 1107 201 1130 genitoribus
216 1112 273 1124 causa
287 1106 400 1128 mortalium,
417 1109 439 1124 ut
453 1106 540 1130 originali

84 1131 162 1152 peccato
171 1132 279 1147 transeunte
288 1135 321 1152 per
329 1131 413 1152 posteros
422 1129 484 1147 nullus
495 1135 539 1152 poe-

83 1158 127 1170 nam
133 1152 256 1170 damnationis
266 1153 361 1174 evaderet,
370 1152 406 1170 nisi
415 1152 491 1170 verbum
496 1157 539 1170 earo

84 1175 137 1193 fieret
149 1177 168 1193 et
183 1175 276 1193 habitaret
290 1175 309 1193 in
320 1175 384 1197 nobis,
398 1175 417 1193 in
432 1180 455 1193 ea
469 1175 540 1193 scilicet

84 1200 152 1216 natura
173 1204 209 1216 uae
221 1199 278 1216 nostri
288 1200 307 1216 et
316 1198 411 1222 sanguinis
421 1200 469 1216 esset
480 1200 499 1216 et
508 1203 540 1222 ge-

84 1221 138 1239 neris,
174 1223 237 1261 “apter
248 1222 298 1244 quod
311 1221 356 1239 dicit
368 1227 379 1238 a
393 1221 471 1239 ostolus:
487 1221 540 1239 Sicut

83 1250 118 1267 per
123 1244 177 1262 unius
199 1244 273 1262 elictum
283 1244 301 1262 in
307 1249 370 1262 omnes
393 1244 462 1262 omines
467 1244 487 1261 in
496 1249 538 1262 con-

84 1267 230 1289 demnationem,
243 1267 269 1285 sic
282 1269 300 1285 et
309 1272 343 1293 per
354 1267 408 1284 unius
421 1267 510 1285 iustitiam
519 1267 539 1284 in

84 1295 147 1308 omnes
154 1290 239 1308 homines
244 1290 269 1308 ad
275 1289 425 1308 iustificationem
432 1289 487 1307 vitaer
500 1289 538 1307 Sie—

84 1316 105 1331 at
118 1313 167 1331 enim
183 1318 217 1336 per
231 1312 376 1330 inobedientiam
392 1313 446 1330 unius
461 1313 539 1330 hominis

84 1338 192 1359 peccatores
204 1335 301 1354 constituti
313 1337 356 1353 sunt
367 1335 429 1358 multi,
441 1335 468 1353 ita
477 1338 497 1353 et
507 1341 540 1359 per

84 1359 138 1376 unius
147 1359 225 1376 hominis
235 1358 360 1376 obedientiam
372 1358 415 1376 iusti
427 1358 539 1376 constituen-

84 1384 115 1399 tur
123 1382 183 1400 multi.
202 1382 227 1399 Et
235 1382 310 1399 iterum:
324 1381 373 1403 Quia
381 1381 430 1399 enim
439 1386 472 1404 per
482 1381 540 1399 homi-

84 1410 125 1422 nem
134 1410 183 1423 mors
195 1407 214 1422 et
223 1410 256 1427 per
267 1404 359 1422 hominem
371 1404 539 1422 resurreetioxmor-

84 1430 167 1450 tuorum,
177 1429 196 1445 et
205 1427 253 1445 sicut
263 1427 282 1445 in
288 1428 349 1445 Adam
359 1433 422 1445 omnes
431 1427 539 1449 moriuntur,

83 1451 111 1468 ita
117 1453 137 1468 et
142 1450 238 1468 ianristo
245 1456 308 1468 omnes
313 1449 461 1468 vivificabuntur.
471 1450 497 1468 Hi
503 1450 539 1467 uti-

85 1479 121 1496 que
127 1473 226 1496 omnesqui
232 1473 277 1491 licet
282 1473 366 1491 inAdam
373 1473 410 1491 sint
416 1472 539 1495 nati‚inChri-

84 1500 112 1514 sto
118 1499 182 1514 tamen
191 1496 309 1514 inveniuntur
318 1496 386 1518 renati,
396 1496 486 1514 habentes
495 1496 539 1514 fidei

84 1519 210 1537 testimonium
217 1521 236 1537 et
242 1519 266 1537 de
272 1518 402 1537 iustificatione
412 1519 484 1546 gratiae
491 1521 510 1537 et
516 1519 539 1536 de

84 1543 212 1560 communione
223 1544 310 1564 naturae,
324 1547 379 1565 quam
391 1548 423 1565 qui
433 1544 539 1565 susceptam

85 1566 108 1583 nb
117 1566 148 1583 uni
164 1565 214 1583 enito
223 1565 253 1583 dei
263 1565 301 1582 filio
311 1565 329 1582 in
340 1567 392 1582 utero
401 1565 498 1582 davidicae
504 1564 538 1582 vir-

85 1588 133 1611 ginis
139 1588 235 1610 diffitetur,
246 1588 271 1606 ab
277 1588 326 1606 omni
335 1590 450 1606 sacramento
457 1587 539 1606 christia-

84 1617 120 1629 nae
132 1611 226 1635 religionis
241 1611 313 1629 alienus
327 1613 356 1629 est
372 1612 391 1628 et
403 1616 437 1628 neo
452 1615 540 1633 sponsum

84 1639 186 1657 agnoscens
197 1639 232 1652 nec
241 1639 327 1657 sponsam
337 1633 451 1657 intelligens,
460 1632 540 1656 nuptiali

84 1663 121 1675 nun
133 1659 196 1680 potest
210 1657 299 1675 interesse
314 1656 403 1675 convivio.
432 1656 479 1674 Caro
491 1656 540 1674 enim

85 1680 153 1698 Christi
165 1680 250 1698 velamen
264 1682 293 1698 est
307 1679 368 1703 verbi,
383 1685 420 1703 qao
435 1679 493 1698 omnis
508 1678 540 1702 qni

983 101 1026 132 573

571 166 632 190 ipsum
643 166 715 190 integre
727 166 835 189 confitetur,
847 166 934 185 induitur.
954 167 1026 185 Erube—

571 194 624 207 scens
636 192 699 207 autem
711 190 757 207 illud
770 191 790 207 et
802 190 855 213 quasi
868 190 965 213 indignum
976 190 1025 208 refu-

571 214 622 235 tans,
631 212 701 230 nullum
708 217 730 230 ex
736 218 758 230 eo
767 212 844 230 habehit
850 215 943 236 ornatum,
953 218 976 231 ac
982 213 1026 231 licet

570 240 590 253 se
604 235 657 259 regio
674 236 744 253 inserat
758 235 805 253 festo
824 236 919 262 sacrisque
932 241 951 253 se
965 236 1025 259 epulis

570 258 686 285 importunus
697 258 808 285 immisceat,
823 258 951 285 discretionem
962 259 1026 285 tamen

570 281 803 330 issffsssefssisssffiffiffl
809 283 1025 331 3533223522’201251‘11&

570 329 600 345 tur
613 330 633 345 et
644 327 708 351 ligatis
720 327 804 345 manibus
817 329 836 345 et
848 327 927 350 pedibus
941 329 1025 345 mittetur

569 350 589 367 in
598 350 685 368 tenebras
694 350 801 373 exteriores,
811 350 843 368 nbi
853 350 888 368 erit
896 350 951 368 fletus
958 352 977 368 et
982 350 1024 368 stri-

570 372 604 390 dor
615 373 703 391 dentium.
727 372 781 391 Unde
811 373 908 396 uicumque
919 373 939 391 in
951 373 1024 391 Christo

569 401 606 413 non
616 395 715 414 confitetur
726 401 792 422 corpus
814 402 910 419 umanum,
923 396 995 414 noverit
1004 401 1024 414 so

569 419 657 441 mysterio
672 419 803 437 incarnationis
818 419 923 442 indignum,
940 425 974 437 neo
985 419 1024 437 eius

570 442 682 459 sacrmenti
690 442 759 460 habere
765 442 884 464 consortium,
894 442 943 465 quod
950 444 1024 465 aposto-

569 464 598 482 lus
609 465 706 488 praedicat
721 465 793 483 dicens.-
806 465 855 486 Quia
869 465 951 483 membra
962 470 1025 483 sumus

569 488 652 533 {2222ss
657 487 796 534 {fflss‘iffl'e}
800 487 865 528 ²1¹2?ss
870 487 1024 534 ᾗὶἔίἕέᾙῗὲ

569 535 616 551 trem
626 535 645 551 et
651 533 759 551 adhaerebit
765 533 817 551 uxori
826 539 871 551 suae
877 535 897 551 et
902 535 957 551 erunt
962 534 999 551 duo
1005 533 1025 551 in

568 561 625 574 carne
631 562 673 574 uns.
688 556 713 574 Et
719 562 812 580 exponens
822 556 865 579 quid
872 562 905 579 per
913 556 949 575 hoc
954 556 1024 580 signifi-

569 582 652 602 caretur,
661 579 737 597 adiecit:
748 580 887 597 Sacramentum
893 579 928 597 hoc
936 585 954 597 m
993 585 1025 597 um

569 604 606 624 est,
616 607 651 626 ego
662 604 724 620 sutem
731 602 772 620 dieo
781 602 801 619 in
808 601 880 620 Christo
889 602 933 620 etin
940 607 972 620 ecc
980 602 1024 620 esia.

569 625 611 642 Abi
626 630 646 643 so
653 630 698 652 {¹¹30
704 625 795 651 prineipiu
805 625 878 649 generis
883 625 959 652 humani
966 625 1024 652 omni-

569 648 604 665 bns
628 648 719 666 ominibus
731 647 815 666 Christus
830 650 858 666 est
873 648 993 666 denuntiatus
1004 653 1024 665 m

569 676 625 689 carne
630 672 725 689 venturus.
738 671 760 688 ln
766 676 813 694 qua,
822 671 870 689 sicut
876 670 947 689 dietum
953 673 989 689 est:
1000 671 1025 689 Et

569 695 623 711 erunt
629 693 666 711 duo
672 694 691 711 in
697 699 753 711 carne
759 699 804 716 una,
813 694 878 717 utique
887 694 924 712 due
930 696 973 712 sunt
979 694 1024 711 deus

569 718 589 734 et
594 716 657 738 homo,
665 717 748 734 Christus
754 718 774 735 et
780 716 867 739 ecclesia,
878 722 925 740 quae
931 717 955 734 de
962 716 1025 743 sponsi

569 745 625 757 earne
631 739 708 763 prodiit,
718 740 793 763 quando
800 745 823 757 ex
828 739 886 757 latere
895 739 977 758 crucifixi
986 745 1024 757 ma-

568 764 625 780 nante
631 763 721 786 sanguine
727 765 746 780 et
754 768 804 786 aqua
813 764 948 781 sacramentum
954 762 1024 780 redem-

568 785 637 808 ptionis
650 788 668 803 et
680 785 826 809 regenerationis
838 785 916 808 accepit.
940 785 949 803 Ι
964 791 985 803 sa
996 787 1025 803 est

569 809 617 826 enim
621 813 681 826 novae
684 808 766 826 conditio
769 810 872 831 creaturae,
877 813 926 831 quae
931 808 951 826 in
968 808 1024 832 aptis-

567 834 618 849 mate
627 837 665 849 non
674 831 781 849 indumento
793 836 847 849 verae
857 831 927 854 carnis,
939 831 972 849 sed
981 837 1024 849 con-

568 854 621 878 tagio
627 854 726 872 damnatae
731 854 829 872 vetustatis
839 854 919 877 exuitur,
930 856 951 872 ut
957 854 1024 872 efficia-

568 879 599 894 tur
606 877 660 895 homo
666 882 733 899 corpus
738 876 812 899 Christi,
819 877 864 899 quia
870 878 890 894 et
895 876 979 894 Christus
985 882 1024 895 eor·-

568 905 603 922 pus
609 902 638 917 est
646 900 729 917 hominis.
737 899 791 917 Unde
797 905 835 917 non
841 900 895 917 deum
902 900 1024 917 tantumdini-

568 928 608 940 mus
615 922 708 940 Christum
715 922 763 940 sieut
769 922 858 940 haeretici
864 922 979 945 Manichaei,
989 928 1024 940 nee

569 945 661 963 hominem
669 947 743 963 tantum
755 945 803 963 sicut
811 945 900 963 haeretici
910 945 1023 968 Photiniani,

568 974 603 986 nee
612 968 639 986 ita
648 968 739 986 hominem
748 970 770 986 ut
779 968 849 992 aliquid
858 968 875 986 ei
884 968 932 986 desit
940 968 990 992 quod
999 968 1024 986 ad

568 991 668 1009 humanam
674 994 745 1009 certum
752 993 780 1009 est
785 991 878 1014 pertinere
884 993 969 1009 naturam
974 1005 979 1013 ,
985 992 1023 1009 sive

568 1014 649 1032 aaisoam
656 1014 693 1032 sive
699 1016 780 1032 mentem
785 1014 900 1037 rationalem,
905 1014 943 1032 sive
949 1019 1024 1032 carnem

569 1043 617 1060 quae
626 1043 663 1055 non
672 1037 695 1055 de
704 1037 773 1055 femina
782 1039 843 1055 sumt-2
851 1037 885 1060 sit,
898 1037 930 1055 sed
939 1037 991 1055 facta
1000 1037 1024 1055 de

567 1060 625 1078 verbo
631 1060 650 1078 in
657 1065 731 1078 carnem
737 1065 825 1078 converso
832 1062 888 1083 atque
894 1062 1024 1083 mutsto,quse

568 1083 605 1101 tria
611 1083 660 1101 falsa
665 1085 685 1101 et
690 1088 739 1101 vans
742 1083 917 1110 Apollinaristarum
923 1083 1024 1101 haeretico-

568 1112 608 1124 rum
614 1108 652 1124 tres
660 1107 724 1129 partes
729 1111 791 1124 varias
796 1106 918 1129 protulerunt.
934 1106 974 1124 Nec
980 1106 1024 1124 diei-

568 1128 1024 1175 ’ἔέἒὲηῗὲοἷὲἒζὲἔέἚέἕἛέἒέζῗίἓεέήῗέῗὲ

567 1177 641 1197 sancto,
654 1177 720 1198 postea
728 1175 752 1192 sit
764 1165 860 1198 susceptus
872 1180 885 1193 a.
895 1174 961 1197 verbo,
974 1174 1023 1198 quod

568 1197 675 1216 Nestoi-ium
694 1197 833 1221 praedicantem
853 1198 918 1215 merito
938 1198 1024 1220 iusteque

568 1221 701 1239 damnavimus.
727 1220 764 1239 Sed
773 1221 849 1239 dicimus
859 1220 951 1238 Christum
960 1220 990 1238 dei
1002 1219 1023 1237 fi-

567 1243 612 1261 lium
622 1243 677 1261 deum
685 1249 757 1266 verum,
769 1246 834 1261 natum
843 1243 865 1261 de
875 1244 910 1261 deo
922 1247 975 1267 patre
984 1243 1024 1261 siue

567 1266 605 1284 ullo
617 1266 670 1284 initio
685 1267 782 1290 temporis,
797 1266 917 1289 eumdemque
931 1266 1024 1284 hominem

567 1295 631 1307 verum
645 1292 709 1307 natum
725 1290 748 1307 de
762 1292 821 1307 matre
833 1289 907 1307 homins
922 1291 973 1307 certa
984 1288 1024 1312 ple-

568 1312 652 1330 nitudine
658 1313 751 1336 temporis,
761 1318 795 1330 nee
801 1313 840 1330 eius
846 1312 980 1330 humanitatem
986 1317 1024 1335 qua

568 1335 627 1353 maior
633 1337 661 1353 est
683 1338 724 1353 ater
729 1336 811 1353 minuere
819 1335 891 1358 aliquid
900 1335 939 1353 eius
945 1337 1023 1353 naturae
1039 1339 1045 1342 ‘

568 1364 606 1382 qua
612 1341 695 1381 nequall'is
702 1360 731 1376 est
736 1358 791 1382 patri.
806 1358 849 1376 Hoe
857 1360 919 1376 autem
926 1360 1024 1381 utrumque

568 1387 616 1399 unus
625 1383 655 1399 eat
663 1380 747 1399 Christus
759 1381 791 1404 qui
803 1381 895 1399 verissime
907 1381 953 1399 dixit
965 1383 984 1398 et
995 1385 1023 1398 se-

568 1404 649 1422 eundum
655 1404 717 1422 deum:
727 1404 768 1427 Ego
774 1406 793 1422 et
816 1405 856 1421 ater
865 1409 921 1422 unum
926 1409 998 1425 sumum
1005 1405 1024 1421 et

568 1427 669 1445 secundum
684 1427 786 1445 hominem:
819 1429 859 1445 ater
873 1426 931 1444 maior
945 1432 975 1444 me
989 1428 1023 1444 est.

568 1450 623 1468 Hane
629 1449 690 1472 fidem,
702 1449 824 1472 dilectissimi,
831 1455 894 1467 veram
901 1451 920 1467 et
926 1449 1022 1467 indissolu-

568 1473 634 1495 bilem,
654 1478 702 1496 quae
716 1473 759 1499 'sola
769 1478 829 1499 ¹vex-os
844 1472 899 1490 efficit
913 1472 1024 1498 christianos

568 1495 1023 1544 §mqaefaxfflffizss‘x2225'53'1'322201333

567 1543 631 1559 ranter
637 1543 699 1559 tenete
705 1543 725 1559 et
730 1543 836 1559 constanter
845 1543 921 1558 aasente
947 1541 972 1558 Et
978 1546 1023 1564 quo-

568 1564 618 1605 nian
625 1566 698 1604 βροτωι
704 1565 782 1591 vospost
787 1563 963 1604 divinum-auxilium
967 1564 1023 1590 etiam

569 1592 591 1605 ca
613 1593 624 1605 ο
632 1593 700 1605 icorum
723 1592 769 1604 rinei
782 1592 813 1604 um
868 1592 904 1604 iam
929 1592 1015 1604 romereri

568 1610 662 1628 humiliter
671 1615 693 1628 ac
700 1593 722 1628 siz
734 1592 793 1627 ientgr
798 1592 900 1636 afficite,
911 1592 931 1627 Ξῖ
937 1599 1024 1632 petitioni

568 1635 652 1655 nostrae,
661 1638 698 1656 qua
730 1632 811 1651 enariam
823 1632 879 1650 indici
891 1633 981 1656 synodum
990 1638 1023 1656 po-

569 1656 685 1678 stulavimus,
695 1639 847 1673 essmeutissimus
853 1656 953 1679 imperator
959 1655 1023 1678 digne·

568 1681 599 1697 tur
603 1684 690 1702 annuere,
694 1684 731 1702 qua
737 1678 792 1697 citius
795 1678 895 1697 adiuvante
898 1678 1024 1697 misericordia
