1231 1931
309 117 345 135 AD
357 117 495 136 BENIGNUM
506 117 737 136 ABGfflEPISOOPuM.
951 114 993 136 729

50 171 129 191 dicens:
156 170 229 191 Inanes
247 171 360 198 questiones
381 171 456 196 devita;
479 172 548 192 ius-nes
568 178 654 199 namque
674 172 732 192 iuxta
750 172 859 199 apostolum
880 173 994 200 questiones

49 206 130 226 semper
140 200 183 220 vita
194 202 215 229 et
225 206 264 226 age
275 199 329 227 quod
341 200 416 221 meliori
432 200 514 221 consilio
525 207 564 220 nun
577 201 673 221 avaritiae
687 201 721 221 vel
731 202 847 221 temeritatis
858 201 891 221 vel
902 201 994 222 utilitatis

47 231 70 248 et
81 229 210 253 neeessitatis,
221 232 245 249 ut
256 235 316 256 saepe
327 228 401 249 dictum
410 232 448 254 est,
461 236 521 249 causa
532 229 644 250 faeiendum
655 230 730 250 utiliter
741 230 871 257 prospexeris.

108 257 243 284 Quapropter,
255 258 368 282 karissime,
383 258 415 278 bis
429 258 544 284 apostolicis
558 258 618 278 fultus
632 259 790 283 auctoritatibus,
808 261 861 279 muta
879 259 994 286 episcopum

47 292 110 306 cansa
124 287 247 306 necessitatis
262 289 296 306 aut
310 286 409 311 utilitatis,
428 293 487 314 super
502 293 542 314 qno
556 294 592 307 nos
609 287 712 307 consulere
727 288 807 308 voluisti
823 290 843 308 et
859 288 908 308 alios
923 287 993 308 stanes

47 318 128 335 nostros
139 315 211 342 quibus
225 315 264 335 hoc
278 315 390 336 sedendum
404 316 512 336 necessitas
527 319 561 336 aut
575 316 650 336 utilitas
662 316 788 343 compulerit,
803 323 862 342 agere
874 316 931 341 doce,
946 317 995 344 quia

47 343 88 364 hoc
99 343 153 370 quod
165 343 201 364 tibi
213 344 251 364 soli
266 344 369 364 scribimus
381 344 501 371 generaliter
515 344 606 364 omnibus
617 347 684 365 tenere
699 345 825 370 mandamus3
840 345 887 372 quia
898 346 949 365 sicut
960 352 994 372 po-

47 375 141 392 testatem
151 372 214 392 babes
226 373 330 399 episcopos
342 376 362 393 et
373 372 485 393 sacerdotes
500 373 617 400 regulariter
627 373 706 394 titulare
721 377 741 394 et
755 374 855 399 ordinare,
873 374 901 394 ita
915 376 937 394 ut
951 380 994 400 pre-

47 401 124 421 dictum
136 404 175 426 est,
187 408 247 421 causa
258 402 382 422 necessitatis
394 405 428 422 aut
439 402 530 422 utilitatis
542 402 604 422 habes
615 405 635 422 et
649 405 725 422 mutare
736 409 760 422 ac
772 402 797 423 de
808 403 865 423 titulo
878 402 904 422 ad
914 403 994 422 titulum

47 430 173 455 translat-ars,
184 430 231 450 licet
243 430 269 450 de
280 431 351 450 minori
363 430 389 450 ad
400 431 495 451 maiorem
503 431 572 451 urbem
584 430 689 451 mutandus
701 431 734 451 sit:
746 431 784 451 hoc
792 434 858 451 tamen
870 438 994 458 summopere

47 458 205 485 praevidendum
220 461 258 483 est,
273 466 299 479 ne
310 466 370 479 eausa
382 460 508 486 arrogantiae
519 462 554 480 aut
565 460 660 480 avaritias
671 467 766 487 umquam
777 460 820 485 fiat,
836 460 883 488 quia
894 460 915 480 hi
927 467 940 480 a
951 467 994 487 pre-

47 487 108 508 dictis
120 488 228 508 eanonibus
240 488 377 515 dampnantur,
389 495 428 509 non
440 488 471 508 illi
482 489 517 516 qui
529 489 646 509 neeessitate
657 491 692 509 aut
702 489 788 509 utilitate
801 490 899 509 maiorum
910 489 993 509 consilio

48 520 69 536 et
81 523 130 537 sana
142 523 165 537 ac
177 523 227 544 pura
239 520 258 537 et
269 517 307 537 deo
319 517 393 544 placita
406 517 516 537 intentione
531 517 569 537 hoc
582 517 658 537 fatiunt
688 518 730 542 Tu,
745 518 814 543 frater,
829 524 907 544 semper
918 520 994 538 sectare

46 546 153 569 iustitiam,
168 546 271 572 pietatem,
286 545 354 570 fidem,
370 546 481 570 caritatem,
497 546 613 573 patientiam
625 549 645 566 et
656 547 832 567 mansuetudinem.
862 546 922 567 Certa
933 547 994 566 etiam

46 574 123 594 bonum
134 577 234 594 certamen
245 574 292 594 fidei
304 578 324 594 et
336 575 462 602 adprehende
477 576 538 595 vitum
551 577 660 599 aeternam,
675 576 696 595 in
708 582 749 602 qua
760 579 842 596 vocatus
854 582 885 599 es,
900 575 993 602 quoniam

47 603 130 630 spiritus
143 603 254 623 timentium
270 603 328 623 deum
344 607 436 630 queretur
451 603 476 624 sb
491 604 526 624 illo
541 606 561 624 et
575 604 596 623 in
609 607 701 630 respectu
715 604 769 624 illius
784 604 912 624 benedicitur.
942 603 993 630 Spes

47 632 102 651 enim
113 631 191 651 illorum
203 632 224 652 in
235 632 345 652 salvantem
357 632 402 652 illos
416 635 436 652 et
448 632 500 652 oculi
512 632 545 652 dei
556 632 578 653 in
589 632 695 658 diligentes
706 639 732 652 se.
763 632 803 657 Qui
815 633 872 653 timet
883 632 992 657 domiuum,

47 660 99 680 nibil
113 660 221 687 trepidabit
235 664 255 681 et
267 668 307 681 nou
321 661 412 687 pavebit,
428 661 522 687 quoniam
536 661 580 688 ipse
596 664 626 681 est
640 668 685 688 spes
700 661 748 681 eiua
777 661 876 681 Timentis
891 661 992 681 dominum

47 689 108 709 beata
119 691 149 709 est
161 689 231 709 anima.
256 689 290 709 Ad
299 696 358 716 quem
369 690 450 716 respicit
461 692 481 709 st
493 689 538 716 quis
550 692 580 710 est
589 690 684 710 fortitudo
696 689 752 710 eius?
776 690 835 711 Oculi
846 690 922 710 domini
934 696 993 716 super

46 718 139 738 timentes
152 724 202 743 eum,
214 721 314 745 protector
325 719 435 745 potentiae,
446 718 592 738 firmamentum
603 718 691 742 virtutis,
703 721 786 744 tegmen
797 718 873 739 ardoris
885 721 905 738 et
915 718 994 738 umbra-

47 747 114 767 culum
126 746 230 766 meridiani
237 747 244 759 ¹
257 750 278 767 et
288 748 388 774 praecatio
401 747 516 767 offensionis
530 750 550 767 et
561 746 680 767 adiutorium
691 754 757 771 casus,
773 747 864 767 exaltem
875 747 962 767 animam
974 750 995 767 et

46 775 168 795 inluminans
179 775 257 799 oeulos,
272 775 322 796 dans
333 776 439 796 sanitatem
451 778 471 795 et
482 776 544 795 vitam
556 778 576 795 et
587 775 754 800 benedictionem,
769 776 874 796 immolans
886 782 913 795 ex
924 776 993 802 iniquo

47 804 168 824 oblationem
178 804 308 824 maculatam*
317 808 337 824 et
345 811 385 825 non
395 807 440 825 sunt
449 804 586 831 beneplacitae
595 804 759 824 subsannationes
768 805 891 829 iniustorum,
902 804 994 824 dominus

47 833 102 853 solus
116 833 258 853 sustinentibus
273 840 295 853 se
309 834 330 853 in
344 833 379 853 via
393 833 482 853 veritatis
497 836 518 853 st
528 832 608 852 institia.
637 833 698 853 Dona
711 833 776 859 iniqui
788 840 828 853 non
839 832 911 860 probat
922 832 993 853 altissi—

46 868 97 885 mus,
109 868 146 881 nec
156 862 238 888 respicit
248 862 270 881 in
282 861 415 882 oblationibus
427 862 549 886 iniustorum,
561 868 598 881 neo
609 861 631 881 in
639 861 766 881 multitudiue
778 861 913 881 sacrifitiorum
925 868 993 881 eorum

46 890 186 917 propitiabitur
200 890 291 917 peccatis.
324 890 364 915 Qui
379 890 436 910 offert
450 890 564 910 sacrifitium
582 896 608 909 ex
625 890 734 910 substantia
749 896 868 917 pauperum,
886 890 943 916 quasi
958 890 992 916 qui

46 919 138 939 victimat
151 919 214 939 filium
227 919 250 939 in
264 922 371 946 conspectu
388 919 450 946 patris
464 919 500 939 sui.
535 918 597 938 Panis
612 918 712 945 egentium
729 919 771 938 vita
789 918 881 945 pauperis
900 921 940 942 est,
958 919 993 945 qui

47 947 153 968 defraudat
165 947 220 968 illum
232 948 291 968 homo
304 948 406 974 sanguinis
417 950 451 968 est.
476 947 516 972 Qui
528 947 592 967 aufert
604 947 625 968 in
637 946 708 967 sudore
716 954 788 974 panem
800 950 819 967 et
830 947 919 967 sudantis
932 946 992 971 eibos,

47 977 105 1004 quasi
120 977 155 1003 qui
170 976 243 996 oceidit
258 977 369 1004 proximum
384 983 445 997 suum.
479 976 519 1001 Qui
536 975 606 996 effudit
623 977 740 1002 sauguinem
756 979 776 996 et
793 977 828 1003 qui
841 976 931 996 fraudem
945 975 994 996 facit

46 1006 191 1030 mercennario,
205 1005 275 1026 fratres
287 1008 341 1029 sunt,
356 1012 407 1025 unus
419 1005 526 1025 aedificans
538 1008 558 1025 et
569 1011 619 1025 unus
632 1004 743 1025 destruens:
761 1004 809 1032 quid
822 1004 903 1031 prodest
913 1004 943 1024 illi
954 1004 993 1024 nisi

46 1034 118 1054 labor?
132 1034 190 1054 Unus
202 1040 261 1054 orans
273 1037 293 1054 et
303 1041 354 1054 unus
364 1034 491 1058 maledicens,
503 1034 558 1054 cuius
569 1040 639 1054 vocem
648 1033 743 1054 exaudiet
754 1032 816 1053 deus?
831 1033 871 1058 Qui
880 1033 993 1059 baptisatur

47 1071 59 1083 a
71 1065 147 1083 mortno
157 1065 177 1083 et
187 1063 259 1082 iterum
268 1063 334 1090 tangit
343 1069 394 1088 eum,
406 1063 454 1089 qnid
466 1063 546 1090 proficit
556 1062 630 1082 lavatio
639 1062 715 1089 ipsius?
728 1062 761 1082 Sic
770 1062 829 1082 homo
839 1063 873 1089 qui
885 1062 960 1082 ieiunat
971 1062 992 1081 in

46 1092 134 1119 peccatis
146 1092 186 1111 suis
198 1094 218 1111 et
229 1092 300 1112 iterum
312 1091 381 1112 eadem
393 1092 471 1116 fatiens,
482 1091 530 1118 quid
541 1091 619 1118 proficit
630 1091 753 1111 humiliando
763 1090 798 1110 se?
810 1091 927 1112 Orationem
938 1090 993 1110 illius
1005 1098 1008 1102 ·

46 1120 92 1147 quis
101 1120 208 1140 exaudiet?
220 1120 261 1145 Qui
273 1123 377 1141 conservat
387 1121 459 1146 legem,
471 1119 590 1147 multiplicat
599 1120 713 1140 orationem.
737 1119 859 1140 Sacrificium
868 1119 953 1140 salutare
963 1122 993 1139 est

46 1148 154 1169 adtendere
166 1149 265 1169 mandatis
273 1152 294 1169 et
304 1149 405 1169 discedere
415 1149 440 1169 ab
449 1149 503 1169 omni
515 1149 620 1175 iniquitate
627 1148 661 1168 vel
671 1149 840 1175 praevaricatione
848 1151 869 1168 et
877 1148 992 1175 propitiatio

45 1178 104 1198 litare
118 1178 232 1198 sacrifitium
246 1184 305 1204 super
317 1178 432 1198 iniusn'tiam
444 1181 464 1197 ct
478 1178 591 1204 deprecatio
603 1184 639 1203 pro
651 1177 737 1203 peccatis
749 1177 841 1197 recedere
852 1177 878 1197 ab
889 1176 991 1196 iniustitia.

45 1206 146 1226 Retribuit
154 1206 240 1232 gratiam
250 1207 284 1233 qui
295 1206 351 1226 offert
362 1207 500 1232 similaginem,
510 1209 530 1226 et
538 1206 573 1233 qni
584 1206 632 1226 facit
641 1205 795 1226 misericordiam
804 1205 860 1225 offert
872 1205 991 1225 sacrifitium.

45 1235 197 1261 Beneplacitum
209 1238 239 1255 est
250 1235 330 1255 domino
341 1235 434 1255 recedere
444 1235 469 1255 ab
479 1235 584 1261 iniquitate
595 1237 616 1254 et
624 1233 738 1260 deprecatio
750 1234 842 1254 recedere
851 1234 877 1254 ab
889 1234 991 1254 iniustitia.

45 1264 94 1284 Non
105 1263 211 1290 apparebis
226 1267 273 1284 ante
287 1266 414 1290 conspectum
429 1263 462 1284 dei
477 1270 558 1283 vacuus:
574 1263 624 1283 haec
638 1263 691 1283 enim
703 1263 769 1283 omnis
784 1265 865 1289 propter
875 1262 991 1282 mandatum

46 1292 121 1312 domini
133 1292 188 1312 fiunt.
212 1291 293 1312 oblatio
305 1293 352 1312 iusti
364 1293 455 1319 inpiguat
466 1292 528 1312 altare
541 1294 560 1312 et
573 1291 622 1312 odor
630 1292 734 1311 suavitatis
745 1291 766 1311 iu
778 1293 884 1318 conspeetu
896 1291 991 1311 altissimi.

45 1321 167 1342 Smrifitium
179 1321 225 1341 iusti
240 1324 343 1348 acceptum
358 1324 388 1341 est
399 1324 419 1341 et
429 1321 545 1341 memoriam
556 1321 600 1340 eius
614 1327 654 1340 non
666 1320 793 1340 obliviscetur
808 1319 904 1340 dominus.
928 1318 991 1340 'Bono

45 1350 113 1370 animo
127 1349 212 1376 gloriam
223 1349 285 1369 redde
300 1349 337 1370 deo
350 1353 369 1370 st
379 1357 419 1370 non
431 1350 509 1370 minuas
523 1349 621 1376 primitias
635 1349 714 1375 frugum
730 1351 813 1368 tuarum.
842 1349 868 1368 In
880 1349 932 1368 omni
945 1348 991 1368 dato

44 1378 129 1398 hilarem
143 1378 175 1398 fac
189 1378 266 1398 vultum
281 1381 336 1398 tuum
348 1381 368 1398 et
382 1379 403 1398 in
418 1378 540 1398 exultatione
555 1378 657 1398 sanctifica
671 1377 758 1397 decimas
772 1380 820 1397 tuas.
850 1377 883 1397 Da
895 1377 991 1397 altissimo

45 1407 153 1427 secundm
163 1407 230 1427 datum
243 1407 285 1427 eius
294 1409 314 1427 et
325 1408 347 1427 in
355 1407 412 1427 oculo
421 1407 474 1427 bono
484 1406 645 1427 adinventionem
654 1406 686 1426 fao
696 1413 791 1426 manuum
800 1408 884 1431 tuarum,
897 1405 992 1433 quoniam

45 1436 137 1457 dominus
149 1436 259 1456 retribuens
273 1439 304 1456 est
318 1438 339 1456 et
350 1437 423 1463 septies
437 1438 514 1456 tantum
528 1435 598 1456 reddet
611 1435 652 1455 tibi.
683 1435 730 1455 Noli
746 1435 816 1455 offerte
830 1441 912 1455 munera
923 1441 991 1461 prava,

44 1472 86 1485 non
100 1465 154 1485 enim
169 1465 264 1491 suscipiat
278 1464 323 1489 illa,
341 1467 361 1485 et
375 1465 417 1485 noli
431 1465 529 1491 inspicere
545 1463 659 1485 sam-isitium
673 1464 776 1488 iniustum,
791 1464 885 1490 quoniam
900 1463 992 1483 domiuus

45 1493 107 1514 iudex
119 1496 150 1514 est
161 1496 181 1513 et
191 1500 232 1513 non
245 1496 275 1513 est
285 1493 339 1520 apud
350 1494 408 1514 illum
421 1493 487 1520 gloria
497 1500 600 1520 personae.
630 1493 677 1513 Non
688 1492 772 1519 accipiet
783 1492 874 1512 dominus
887 1498 991 1519 personam

44 1523 67 1542 in
78 1529 186 1550 pauperem
201 1525 220 1542 et
234 1522 369 1549 precationem
384 1522 433 1542 laesi
448 1522 547 1542 exaudiet.
576 1521 624 1542 Non
638 1521 734 1548 despiciet
749 1527 817 1548 preces
831 1521 903 1548 pupilli
915 1527 952 1541 nec
963 1521 992 1540 vi-

70 1578 96 1595 Tu
101 1577 158 1600 frater
163 1583 231 1601 semper
237 1580 304 1595 sectare
311 1588 331 1592 -
338 1577 357 1595 in
362 1583 397 1601 qua
403 1580 474 1595 vocatus
480 1583 504 1599 ss,
533 1577 581 1594 illius
598 1577 636 1600 quir
653 1576 740 1599 nand-'sn
763 1576 886 1594 Ecclesiastie.
904 1575 991 1594 XXXIV.

45 1601 54 1618 1
61 1600 138 1618 '1⁸imoth.
145 1600 176 1619 VI.
185 1602 212 1619 11.
220 1603 247 1619 12.
534 1601 607 1618 14-31.

557 1622 592 1643 Qu·
602 1625 693 1640 comer-›a‹
707 1623 762 1645 leqem
773 1632 797 1636 —
807 1622 862 1640 iustos
872 1622 991 1640 mnicorffiz

69 1646 151 1670 quoniam
167 1647 239 1670 spiritus
260 1646 354 1664 timentium
367 1656 390 1660 —
409 1646 505 1664 orationem
532 1651 571 1668 m,
577 1645 589 1663 1.
595 1651 612 1663 e.
619 1645 695 1663 XXXV.
701 1647 762 1663 1-25.

92 1698 99 1711 ¹
112 1698 154 1716 Par.
161 1699 214 1717 88⁶2:
224 1698 347 1716 meridianum.
371 1698 380 1711 ²
392 1698 435 1715 eod.
441 1697 469 1716 cil.
476 1697 544 1715 oblatio
551 1698 578 1715 est
584 1696 679 1715 maculata.
