1231 1931
249 96 276 117 12

248 154 275 173 X.
290 153 322 174 De
336 153 429 180 episcopo
440 153 499 173 rebus
508 159 556 173 suae
565 153 660 173 ecclesias
669 159 702 173 ex-

305 182 378 209 poliato
391 186 425 202 sut
437 189 449 201 a
461 182 540 208 propria
552 181 598 202 sede
610 182 678 202 eiecto.

248 211 285 231 XI.
306 211 334 231 Ut
351 213 443 237 egrotans
461 211 564 237 episcopus
581 213 616 230 aut
634 210 702 236 aliqua

305 240 362 266 gravi
376 239 495 259 necessitate
509 238 600 259 detentus
615 239 701 265 legatum

305 275 341 295 pro
353 274 374 288 se
386 267 412 287 ad
424 267 520 294 synodum
532 267 601 287 mittat.

249 297 297 316 XII.
312 296 345 316 De
356 299 446 316 accusato
456 299 476 316 et
484 299 553 316 vocato
563 296 589 316 ad
598 296 701 322 synodum.

249 325 308 345 XIII.
323 325 354 344 De
366 324 455 351 personis
468 327 601 344 accusatorum
616 324 701 351 culpabi-

305 353 356 373 libus
368 356 388 373 et
400 353 425 373 dc
440 359 524 380 persons
538 353 619 373 absente
634 356 654 373 et
668 353 702 380 qui

305 382 370 402 affinis
382 381 438 402 testis
449 388 489 402 non
500 381 620 402 admittatur.

211 404 217 414 ¹
248 411 305 431 XIV.
321 410 380 435 Quod
389 417 429 430 nun
438 411 463 430 sit
469 417 509 430 vox
519 410 610 436 neganda
616 410 703 437 appella-

574 99 694 118 DECRETA
705 99 867 118 PONTIFICUM

787 153 846 173 tionis
858 153 876 173 ei
889 153 923 179 qni
935 152 973 173 sibi
985 153 1045 173 sentit
1054 152 1132 173 indicem
1142 153 1169 173 sd-

787 188 871 201 versum.

729 210 776 230 XV.
794 210 826 230 De
838 210 948 236 peregrinis
959 209 1037 230 iudiciis
1051 209 1170 236 prohibendis

729 238 787 258 XVI.
797 238 918 259 Sinodaliter
923 239 1048 258 constitutum
1054 241 1076 258 ut
1080 245 1134 264 super
1139 245 1171 258 me

787 267 859 287 uxorias
866 274 885 287 m
980 267 1051 287 missae
1057 266 1171 286 celebrentur.

730 296 799 315 XVII.
814 295 843 315 Ut
855 295 916 316 dubia
930 299 951 316 et
965 296 1040 315 maiora
1053 296 1130 321 negotia
1141 298 1173 315 ter-

787 324 862 344 minum
873 325 972 351 accipiant
983 331 995 344 a
1006 324 1095 344 Romana
1105 323 1152 343 sedo.

730 353 811 373 XVIII.
829 353 861 373 De
878 352 970 373 hereticis
987 352 1021 379 qui
1038 352 1104 372 dicunt
1120 352 1173 372 fllium

788 388 828 401 non
840 388 897 408 posse
909 381 988 408 propris
998 380 1067 401 videre
1078 384 1147 407 patrem
1158 384 1174 400 ct

789 409 856 430 dicunt
868 410 931 430 filium
942 410 1037 430 minorem
1049 413 1110 436 patre.

433 450 501 470 XXV.
525 450 602 470 Tituli
618 450 767 470 decretorum
783 449 907 470 Euticiani
921 456 1003 476 papae.

248 485 265 504 1.
280 485 404 512 Documenta
416 483 441 504 de
452 484 586 504 incarnatione
598 484 702 504 salvatoris

305 513 372 533 nostri.

248 542 276 562 11.
291 541 349 566 Quod
361 548 409 561 vera
423 541 472 561 fides
488 541 587 561 Christum
602 541 668 561 Iesum
683 544 703 561 et

305 570 421 590 confiteatur
432 569 491 590 deum
507 573 526 590 et
537 569 645 594 hominem,
660 577 702 590 vet—

304 598 351 618 bum
364 601 384 618 et
395 605 478 618 carnem.

248 627 286 647 ΙΠ.
302 626 361 652 Quod
372 626 466 647 monendi
480 626 519 647 siut
533 626 614 646 heretici
626 629 648 646 ut
659 633 703 647 con-

306 658 408 675 vertantur
419 655 445 675 ad
457 655 521 675 deum.

248 684 284 704 IV.
301 684 334 704 De
354 683 462 704 commissis
483 683 585 704 animabus
606 683 703 710 episcopis

306 712 396 732 sollerter
411 712 557 738 invigilandum
572 715 592 732 et
606 712 631 732 de
645 712 703 732 rebus

306 740 443 761 eoelesiasticis
454 740 581 767 disponendis
592 740 702 766 diligenter.

249 769 274 789 V.
289 769 393 790 Exortatio
404 772 427 789 ut
438 769 499 789 simus
510 769 546 789 filii
558 769 703 789 misericordiae

306 801 326 818 st
337 797 423 818 iustitiae
435 797 541 818 secundum
553 798 668 824 apostolum.

730 484 766 504 VI.
782 483 840 508 Quod
852 491 892 504 non
903 484 932 504 ita
940 484 961 503 in
970 483 1117 504 aecclesiasticis
1125 489 1176 508 agen-

787 512 835 532 dum
850 513 876 532 sit
890 512 975 538 negotiis
991 512 1041 532 sicut-
1057 512 1079 532 in
1095 511 1176 532 seculari-

787 541 830 561 bus.

731 569 778 589 VH.
793 569 884 594 Qualiter
901 569 972 590 debeat
989 575 1032 589 esse
1049 569 1145 589 accusatio
1161 571 1178 587 cz

789 598 854 625 qualis
866 598 914 618 ordo
926 598 1061 618 accusationis.

731 627 789 646 VIII.
805 626 845 651 Qui
851 626 877 646 ab
883 626 1008 647 accusatione
1014 626 1053 646 sint
1063 625 1178 653 prohibendi.

731 655 769 675 lx.
784 655 813 675 Ut
823 655 889 675 nullae
901 661 971 675 causae
983 661 995 674 a
1006 654 1105 674 iudicibus
1114 654 1180 674 aeccle-

788 684 871 704 siasticis
883 684 988 703 audiantur
997 690 1048 710 quae
1057 682 1135 709 legibus
1146 689 1180 702 non

788 713 912 732 continentur
920 712 952 732 vel
960 718 1012 739 quae
1020 711 1133 738 prohibitae
1143 717 1181 731 esse

788 744 894 761 noscuntur
905 743 925 761 et
935 743 957 760 ut
971 740 1096 760 sacerdotnm
1110 746 1181 760 accusa·

788 769 816 789 tio
825 770 899 796 passim
908 775 1000 796 vageque
1008 769 1052 789 fieri
1061 776 1102 789 non
1111 768 1182 788 debeat.

461 837 541 858 XXVI.
564 838 641 857 Tituli
656 837 804 858 decretorum
820 837 881 864 Gagi
895 844 975 865 papae.

248 872 264 892 I.
279 871 372 898 Paganos
384 874 404 892 et
415 871 511 892 hereticos
524 879 565 892 non
579 879 637 898 posse
648 879 703 892 accu—

305 907 348 920 sare
360 900 480 920 christianos.

248 929 275 949 11.
290 929 412 956 Episcopum
421 935 461 949 non
470 928 601 949 accusandum
613 928 666 956 apud
676 929 704 949 iu-

306 957 358 978 dices
371 957 473 978 seculares.

248 986 286 1006 111.
300 987 333 1006 De
345 986 445 1013 episcopo,
457 986 565 1013 presbitero
577 989 611 1006 sut
621 986 703 1007 diacono

305 1015 338 1035 vel
349 1015 431 1041 reliquis
443 1015 519 1035 clericis
533 1015 587 1042 apud
601 1015 703 1042 episcopos

306 1043 401 1063 accusatis
406 1042 420 1063 ⁹.

731 872 768 892 IV.
782 872 815 892 De
826 872 858 892 his
870 873 904 899 qui
918 875 992 898 negant
1006 871 1063 892 verbi
1081 871 1113 891 dei
1128 871 1184 890 incar·

787 901 893 921 nationem.

732 929 757 949 V.
772 929 831 954 Quod
843 929 869 949 ad
881 936 936 956 spem
947 929 999 949 vitae
1014 931 1110 949 aeternae
1121 934 1184 955 perve-

789 958 832 978 nire
843 964 883 978 non
895 958 958 985 possit
965 957 1003 978 nisi
1013 964 1049 984 per
1058 957 1186 978 mediatorem

789 986 822 1007 dci
834 989 854 1007 et
865 987 964 1007 hominem
977 986 1080 1007 Christum
1092 986 1163 1006 Iesum.

732 1015 767 1035 VI.
782 1015 815 1035 De
827 1014 929 1035 ordinibus
940 1015 1098 1035 aecclesiasticis.

417 1077 507 1097 XXVH.
531 1077 610 1097 Tituli
624 1077 772 1097 decretorum
786 1077 926 1098 Marcellini
937 1084 1018 1105 papae

249 1112 265 1131 1.
280 1111 312 1131 De
323 1111 415 1131 hereficis
427 1111 462 1138 qui
474 1111 542 1131 dicunt
556 1114 632 1138 patrem
644 1112 704 1131 maio-

305 1147 346 1160 rem
358 1140 399 1160 filio
411 1146 460 1160 esse.

249 1168 276 1188 11.
290 1169 322 1188 De
334 1168 465 1194 gratulatione
474 1168 559 1188 caritatis
568 1171 588 1188 et
596 1168 650 1195 quod
659 1168 703 1189 abs-

305 1197 408 1217 tinendum
416 1197 443 1217 sit
454 1204 466 1217 a
478 1197 613 1223 persecutione
621 1197 702 1217 fratrum

305 1229 326 1245 et
337 1225 362 1245 ab
374 1226 427 1245 omni
439 1225 509 1251 litigio.

248 1254 286 1275 III.
301 1254 341 1274 Ubi
353 1254 453 1274 terminari
469 1253 554 1274 debeant
568 1254 702 1274 contentionsa

307 1285 360 1303 ortae
372 1283 423 1303 inter
435 1282 557 1303 christianos.

731 1112 768 1132 IV.
784 1111 844 1137 Quod
854 1118 895 1132 non
909 1112 968 1132 liceat
983 1112 1100 1139 imperatori
1115 1109 1188 1137 aliquid

789 1143 857 1160 contra
871 1140 965 1161 mandata
980 1140 1048 1160 divina
1063 1145 1190 1167 praesumere

788 1172 808 1189 et
819 1169 873 1196 quod
884 1169 977 1189 iniustum
993 1169 1091 1189 iudicium
1107 1171 1128 1188 et
1143 1167 1190 1187 diffi-

789 1198 837 1217 nitio
849 1198 923 1218 iniusta
934 1201 988 1218 metu
999 1197 1032 1217 vel
1044 1197 1104 1217 iussu
1119 1204 1132 1217 a.
1142 1195 1190 1216 iudi-

788 1226 843 1246 cibus
855 1226 946 1246 ordinata
957 1233 997 1246 non
1008 1225 1081 1246 valeat.

1205 4 1210 99 l

1210 112 1211 199 Ν

205 1576 211 1581 ”
250 1580 276 1600 V.
290 1580 323 1599 De
335 1579 421 1600 caritate.

422 1317 523 1337 XXVIII.
548 1317 628 1337 Tituli
643 1316 789 1338 decretorum
804 1317 914 1338 Marcelli
929 1324 1011 1345 papae.

249 1351 265 1371 I.
272 1351 388 1371 Admonitio
394 1354 417 1371 ut
423 1357 474 1378 quae
480 1351 532 1371 male
538 1351 636 1378 pullulant
641 1351 704 1371 absci-
732 1351 779 1372 VII.
794 1352 826 1371 De
837 1351 939 1372 Maxentio
952 1352 987 1379 qui
1002 1351 1103 1372 suadebat
1120 1352 1193 1371 cultum

306 1380 377 1400 dautur
383 1383 403 1400 et
413 1386 452 1400 uon
461 1379 516 1399 aliud
525 1379 633 1400 docendum
644 1387 703 1406 quam
789 1379 888 1400 dimittere
899 1380 993 1400 divinum.

307 1408 360 1435 quod
371 1415 384 1428 a
395 1408 454 1428 bento
460 1408 520 1428 Petro
530 1409 619 1435 apostolo
629 1411 649 1428 et
660 1408 703 1428 reli-
731 1409 789 1429 VIII.
804 1409 836 1429 De
848 1408 982 1429 sacerdotibus
994 1408 1070 1429 domini
1087 1416 1102 1428 a
1114 1408 1196 1435 propria

307 1437 352 1464 quis
357 1436 600 1463 apostolisetpatribusest
605 1436 703 1457 traditum.
789 1437 837 1458 sede
848 1438 911 1464 pulsis
922 1440 943 1457 et
954 1437 1012 1457 rebus
1024 1437 1064 1457 suis
1078 1437 1195 1464 expoliatis

249 1466 276 1486 II.
291 1466 323 1485 De
335 1466 453 1485 excellentia
464 1465 565 1485 Romanae
577 1465 634 1485 sedis.
732 1466 769 1485 IX.
784 1465 843 1490 Quod
854 1472 894 1486 nou
906 1469 996 1493 oporteat
1007 1472 1136 1493 quemqnam
1149 1465 1198 1485 iudi-

249 1495 287 1514 ΙΠ,
302 1494 335 1514 De
346 1494 415 1520 lingua
426 1493 479 1514 bons
490 1497 510 1514 et
521 1494 579 1513 mala.
790 1501 835 1514 care
846 1494 879 1514 vel
889 1494 996 1521 dampnare
1009 1495 1132 1521 priusquam
1142 1500 1198 1514 accu-

250 1523 286 1543 IV.
306 1522 338 1542 De
359 1523 456 1549 sapientia
475 1525 553 1542 terrena
570 1525 589 1543 et
606 1523 704 1549 sapientia
790 1526 844 1543 satus
863 1523 936 1543 habeat
956 1523 1054 1549 legitimos
1077 1526 1198 1549 praesentes

307 1550 392 1571 caelesti.
790 1554 918 1572 accusatores.

732 1580 759 1601 X.
774 1581 806 1601 De
819 1580 894 1607 synodo
904 1580 1040 1607 episcoporum
1048 1586 1092 1600 non
1103 1579 1202 1600 facienda

790 1609 866 1636 absque
883 1609 999 1629 auctoritate
1013 1609 1124 1629 Romanae
1141 1609 1200 1629 sedis.

732 1637 770 1658 XI.
785 1638 817 1658 De
830 1637 981 1658 accusatoribus.

251 1608 286 1628 VI.
312 1608 344 1629 De
353 1608 384 1628 his
396 1608 430 1635 qui
440 1608 594 1635 persecutionem
603 1608 704 1635 patiuntur

308 1639 388 1663 propter
399 1637 498 1657 iustitiam.

297 1668 305 1682 ³
317 1669 346 1687 Sic
352 1675 409 1691 cor-r.;
422 1672 514 1688 accusatos
520 1676 553 1688 sec.
562 1670 606 1687 Pur.
614 1670 641 1688 dl.
