1231 1931
331 124 368 143 AD
379 124 519 144 ANTEMIUM
530 124 682 144 EPISCOPUM.
934 122 976 143 ΊΟΊ

29 181 64 198 tur
81 178 175 198 deitatem
193 178 307 205 passibilem
324 179 397 199 sentire
410 182 469 206 atque
484 180 587 200 mortalem
601 182 622 199 et
635 182 702 199 tamen
716 179 772 199 verbi
786 180 891 205 incarnati,
908 179 929 200 id
947 183 977 200 est

29 207 89 235 verbi
104 210 124 227 et·
138 208 202 227 earnis
219 214 279 227 unam
296 214 356 228 ausus
370 208 428 228 fuerit
442 209 569 235 pronuntiare
583 212 682 232 naturam,
700 208 803 228 manifeste
817 209 838 228 in
853 211 940 235 apertam
956 212 977 229 et

30 235 78 255 ideo
91 235 184 255 odibilem
199 236 270 256 transit
283 237 390 261 insaniam,
408 237 443 264 qui
457 237 585 257 mediatorem
600 237 632 257 dei
648 240 668 257 et
681 236 782 257 hominum
797 237 897 257 hominem
909 237 975 257 Iesum

30 264 134 284 Christum
145 265 266 285 simulatorie
278 265 341 285 credit
352 266 418 285 omnia
430 266 503 292 egisse,
517 273 554 286 nec
565 272 635 286 verum
646 266 667 285 in
679 266 723 293 ipso
736 272 815 292 corpus,
833 265 868 286 sed
879 266 977 286 fantasma

30 294 75 313 eius
99 294 186 320 corporis
209 294 295 320 speeiem
317 294 379 314 oculis
402 295 505 321 epar-uisse
525 294 650 315 cernentium.
686 294 731 319 Qus
750 294 858 321 impietatis
876 294 977 315 mendatis

30 322 127 349 quoniam
138 322 186 342 olim
198 322 247 342 fides
258 322 356 344 catholiea
368 322 484 347 detestatur,
500 326 519 343 et
534 323 617 343 aliorum
632 324 750 343 asertiouum
762 323 867 350 sacrilegia
878 323 977 343 concordi-

29 351 69 370 bus
85 357 121 377 per
133 353 196 370 totum
210 350 306 371 mundum
320 351 422 371 beatorum
436 355 515 379 patrum
530 351 604 372 dudum
619 355 665 372 sunt
682 352 791 378 dampnata.
808 352 919 377 sententiis,
936 359 977 372 non

30 379 125 404 dubium,
140 386 183 399 eam
195 387 231 400 nos
243 380 302 400 fidem
314 380 416 407 predicare
428 384 487 407 atque
499 380 606 401 defendere
618 387 678 407 quam
693 381 755 400 sancti
769 380 854 407 apostoli
869 380 977 400 docuerunt

31 411 52 427 et
64 411 147 428 actenus
158 414 226 429 eorum
241 415 360 436 suorumque
374 416 509 429 successorum
523 416 608 436 sequens
624 412 691 429 sancta
705 409 755 429 haec
766 409 857 429 Romana
868 412 888 429 et
899 412 977 436 aposto-

30 437 71 456 lica
86 436 169 457 ecclesia
184 437 293 457 doctrinam
307 438 372 457 tenuit
385 444 408 458 ae
422 441 485 462 tenet,
504 437 571 458 docuit
583 441 603 458 et
614 438 677 458 docet.
707 437 810 464 Siquidem
826 438 878 457 enim
892 438 920 457 ita
932 440 978 458 sunt

30 465 122 485 obcecati
134 468 154 486 et
165 472 177 486 a
188 465 263 486 lumine
274 467 364 486 veritatis
375 466 442 491 alieni,
453 469 476 487 ut
487 467 544 487 verbi
555 466 588 487 dei
599 473 612 486 a
623 469 712 493 tempore
726 467 867 487 incarnationis
879 466 978 493 denegent

30 495 143 519 veritatem,
161 495 266 515 ostendant
282 495 303 515 in
321 502 360 522 quo
375 495 413 516 sibi
427 495 555 516 christianum
569 502 642 516 nomen
659 498 755 522 usurpent
772 498 793 516 et
810 502 854 515 eum
872 495 977 521 evangelio

31 523 123 543 veritatis
135 529 199 550 sequa
209 525 285 544 ratione
297 524 424 550 concordent,
439 525 456 544 si
467 531 504 551 per
515 525 598 551 virginis
610 527 688 551 partum
701 527 735 544 aut
746 531 791 544 caro
804 524 847 544 sine
859 523 932 544 deitate
944 526 979 543 aut

31 551 96 572 deitas
108 555 138 572 em
150 555 193 572 orta
204 553 247 572 sine
258 559 322 573 earne.
346 553 401 573 Sicut
413 553 464 573 enim
477 553 561 579 negaro¹
573 560 614 573 non
625 556 691 580 potest
702 553 826 579 evangelista
837 552 915 572 dicente
924 551 979 579 quod

29 580 115 601 verbum
127 587 172 601 caro
184 581 258 602 factum
270 585 300 601 est
311 583 331 602 et
342 581 440 602 habitavit
450 582 472 602 in
483 581 549 606 nobis,
563 581 592 601 ita
606 582 675 607 negari
688 588 728 602 non
740 584 805 608 potest
817 581 875 601 beato
887 581 978 608 apostolo

30 609 97 629 Paulo
110 609 230 636 predicante,
242 610 297 637 quod
309 609 357 630 deus
369 613 411 630 erat
422 611 443 630 in
456 610 534 630 Christo
546 610 641 630 mundum
654 610 783 630 reconcilians
795 610 839 630 sihi.
855 609 900 635 Qus
912 612 977 629 autem

30 638 169 658 reconciliacio
182 645 225 658 esse
237 641 304 665 posset
316 645 356 666 qun.
366 638 452 659 humano
464 639 533 665 generi
549 640 715 666 repropiciaretur
730 639 787 663 deus,
802 639 820 659 si
834 639 919 659 hominis
934 644 979 658 oan-

31 673 75 686 sam
91 666 188 687 mediator
202 667 235 687 dei
249 667 391 694 hominumque
406 674 446 688 non
461 667 582 694 susciperet?
615 667 660 692 Qua
674 674 721 688 vero
736 668 813 688 rationo
824 667 927 687 veritatem
940 673 979 687 me-

31 695 117 715 diatoris
133 696 211 722 implet,
228 696 267 716 nisi
285 697 320 723 qui
334 696 355 716 in
368 696 432 716 forma
447 696 479 716 dei
494 697 571 723 equalis
585 699 616 716 est
630 696 691 723 patri,
706 697 727 716 in
742 696 805 716 forma
816 696 868 716 servi
879 696 979 723 particeps

31 727 86 744 esset
101 727 120 744 et
135 725 205 749 nostri,
223 727 244 744 ut
259 725 327 745 mortis
341 725 442 745 vinculum
456 725 514 745 unius
529 725 686 751 prevaricatione
701 727 822 745 contractum
837 724 895 744 unius
910 727 979 748 morte,

31 753 69 779 qui
81 752 134 772 aolus
145 753 204 773 morti
215 753 265 773 nihil
277 753 353 778 debuit,
369 753 490 774 solveretur?
519 753 596 773 Effusio
611 754 664 774 enim
676 754 724 773 iusti
739 753 841 779 sanguinis
854 753 928 773 Christi
939 755 980 772 tam

30 782 71 801 fuit
83 781 139 801 dives
150 781 177 801 ad
188 782 282 808 pretium,
297 785 320 802 ut
333 782 350 802 si
361 782 480 802 universitas
491 783 614 808 captivorum
626 783 647 802 in
659 782 803 809 redemptorem
815 788 871 801 suum
886 781 980 805 crederet,

31 809 111 829 nullum
126 809 200 830 diaboli
214 811 294 830 vincula
311 810 440 835 retinerent²;
458 811 552 838 quoniam
567 811 618 830 sicut
632 811 734 837 apostolus
752 811 788 830 ait:
812 810 854 830 Ubi
872 809 981 829 abundav-it

32 841 146 865 peccatum,
163 839 346 866 superhabundavit
360 842 380 860 et
394 839 462 866 gratia.
492 839 520 859 Et
531 846 576 859 oum
588 839 624 859 sub
637 839 712 866 peccati
724 838 830 865 preiuditio
842 839 884 858 nati
895 841 980 864 potesta-

32 871 73 887 tem
85 868 198 894 acceperint
210 867 235 888 ad
247 868 345 888 iustitiam·
353 867 480 892 renascendi,
494 867 580 888 validius
595 867 670 887 factum
685 870 714 887 est
726 867 799 887 donum
811 866 907 886 libertatis
919 873 979 893 quam

33 895 123 916 debitam
142 897 246 916 servitutis.
276 896 341 921 Quam
357 897 424 924 itaque
439 896 476 916 sibi
494 897 515 916 in
531 896 590 916 huius
608 896 725 916 sacramenti
742 895 829 922 presidio
849 902 905 922 spem
921 895 981 915 relin-

33 927 106 951 quunt.
125 925 159 952 qui
177 926 198 945 in
216 925 314 945 salvatore
331 928 398 945 nostro
417 927 490 951 negant
507 924 588 945 humani
604 925 691 952 corporis
705 923 824 944 veritatem?
852 924 927 943 Dicant
941 930 980 950 quo

33 953 128 974 saefifitio
144 954 273 979 reconciliati,
289 954 356 974 dicant
368 961 407 982 quo
420 954 516 980 sanguine
528 956 574 974 sunt
585 953 697 981 redempti?
726 952 780 978 Qui⁵
793 955 830 977 est,
845 955 867 972 ut
879 951 980 979 apostolus

33 983 72 1006 ait,
85 983 119 1009 qui
130 982 212 1003 tradidit
223 984 351 1010 semetipsum
362 990 399 1010 pro
411 983 468 1003 nobis
481 983 600 1003 oblationem
612 985 633 1002 et
644 982 729 1002 hostiam
741 982 779 1002 deo
791 982 813 1001 in
824 981 904 1001 odorem
916 981 981 1001 suavi-

33 1011 95 1031 tatis?
123 1011 166 1031 Aut
180 1011 234 1039 quod
247 1018 342 1039 umquam
357 1012 452 1031 sacratius
467 1012 505 1031 fuit
520 1011 634 1032 mrifitium
650 1018 709 1038 quam
721 1010 775 1037 quod
787 1016 845 1030 verus
857 1013 877 1030 et
888 1013 980 1030 aeternus

33 1039 127 1067 pontifex
142 1040 199 1060 altari
214 1041 276 1060 crucis
290 1047 326 1067 per
340 1040 496 1060 immolationem
514 1047 561 1060 suae
578 1040 643 1060 earnis
658 1039 759 1066 inposuit?
787 1039 812 1059 In
827 1041 932 1065 conspeetu
948 1038 981 1058 do-

34 1068 85 1088 mini
101 1069 188 1095 pretiosa
205 1069 300 1089 iustorum
317 1076 370 1089 mors
387 1069 433 1093 fuit,
451 1069 525 1089 nullius
543 1072 610 1089 tamen
627 1068 709 1090 insontis
727 1067 799 1088 occisio
817 1067 927 1094 redemptio
944 1066 982 1086 fuit

34 1097 109 1118 mundi.
138 1097 264 1124 Acceperimt
279 1098 334 1122 iusti,
348 1104 388 1118 non
403 1097 500 1117 dederunt
514 1104 601 1118 coronas.
631 1098 663 1117 De
678 1096 793 1117 fortitudine
810 1096 899 1116 fidelium
916 1102 982 1115 exem-

34 1126 70 1152 pla
81 1128 129 1146 nata
140 1129 185 1146 sunt
196 1127 312 1153 patientiae,
326 1133 368 1146 non
380 1126 432 1146 dona
446 1126 538 1146 iustitiae.
568 1126 683 1152 singulares
696 1125 770 1152 quippe
782 1125 803 1144 in
815 1125 898 1151 singulis
909 1126 982 1144 mortes

35 1155 124 1179 filerunt,
142 1162 179 1175 nec
196 1155 276 1175 alterius
294 1155 400 1182 quisquam
417 1155 506 1175 debitum
523 1161 559 1175 suo
577 1155 617 1174 fine
632 1154 735 1181 persolvit,
755 1160 799 1174 cum
820 1153 872 1173 filius
889 1152 981 1177 hominis,

34 1190 87 1203 nnus
99 1183 152 1204 solus
164 1183 256 1204 dominus
267 1186 333 1204 noster
345 1184 401 1204 Iesus
414 1183 512 1208 Christus,
529 1184 563 1210 qui
578 1190 626 1203 vere
642 1185 684 1203 erat
700 1189 763 1209 agnus
779 1182 918 1206 inmaculatus,
935 1180 983 1201 exti-

35 1212 90 1236 terit,
108 1212 130 1232 in
147 1219 187 1239 qno
205 1219 273 1232 omnes
290 1212 388 1237 crucifixi,
407 1219 474 1232 omnes
488 1212 569 1236 mortui.
587 1218 656 1232 omnes
673 1211 755 1238 sepulti,
773 1217 841 1231 omnes
859 1213 905 1230 sunt
922 1210 983 1230 etiam

35 1241 134 1265 suscitati,
149 1241 174 1261 de
189 1241 261 1268 quibus
275 1242 319 1267 ipse
334 1241 420 1261 dicebat:
436 1240 486 1261 Cum
502 1241 601 1261 exaltatus
616 1240 672 1260 fuero
685 1247 697 1260 a
708 1243 769 1263 terra.
787 1239 854 1259 omnia
868 1238 945 1258 traham
958 1237 983 1257 ad

35 1270 139 1295 meipsum.
168 1270 230 1290 Fides
245 1270 297 1290 enim
312 1270 421 1290 iustificans
435 1270 507 1297 impios
523 1272 543 1289 et
557 1275 625 1289 creans
640 1269 703 1288 iustos
720 1268 746 1288 ad
764 1268 880 1288 humilitatis
898 1269 983 1287 ren-aeta

36 1298 169 1325 participium,
180 1299 201 1318 in
212 1299 247 1318 illo
259 1298 345 1325 adquirit
357 1299 440 1318 salutem
452 1298 472 1318 in
485 1305 524 1325 quo
536 1298 590 1318 solus
601 1298 660 1317 homo
672 1303 694 1317 se
705 1297 782 1317 invenit
792 1297 923 1320 innocentem,
935 1295 983 1315 libe-
1011 1314 1017 1323 ἱ

36 1334 81 1347 rum
91 1326 167 1347 habens
179 1334 215 1354 per
226 1328 310 1353 grat-iam
325 1327 358 1347 dei
373 1327 399 1347 de
413 1327 456 1347 eius
469 1327 559 1353 potentia
572 1326 663 1352 gloria-ri,
681 1326 715 1353 qui
730 1328 798 1346 contra
812 1325 888 1345 hostem
903 1323 984 1344 humani

36 1356 116 1381 generis
130 1356 152 1375 in
166 1356 230 1376 carnis
246 1359 324 1376 nostrae
339 1356 450 1376 humilitate
465 1361 581 1382 congressus
595 1354 627 1374 his
641 1354 744 1374 victoriam
756 1360 812 1373 suam
823 1353 893 1373 tribuit
904 1353 925 1372 in
937 1358 985 1379 quo·

36 1391 81 1404 rum
93 1391 174 1411 corpore
185 1384 319 1411 triumphavit.
349 1384 407 1405 Licet
421 1390 468 1410 ergo
483 1384 504 1404 in
519 1390 557 1404 nno
571 1383 651 1404 domino
663 1383 710 1403 Iesu
722 1382 801 1403 Christo
813 1389 861 1402 vero
874 1381 907 1401 dei
918 1380 984 1408 adque

36 1413 124 1433 hominis
139 1413 180 1433 filio
195 1413 251 1433 verbi
266 1416 286 1433 et
300 1413 365 1433 carnis
379 1420 420 1433 una
434 1419 519 1439 persona
536 1413 570 1436 sit,
589 1419 629 1439 que
646 1411 805 1438 inseparabiliter
821 1414 882 1437 atque
899 1409 985 1430 indivise

38 1448 152 1462 communes
163 1441 237 1462 habeat
248 1442 341 1465 actiones,
353 1440 501 1468 intellegendae
512 1444 578 1461 tamen
590 1444 636 1461 sunt
647 1441 734 1468 ipsorum
747 1446 829 1467 operum
842 1439 953 1466 qualitates,
965 1441 985 1458 et

38 1471 68 1490 sic
79 1477 138 1491 verae
149 1471 196 1491 fidei
208 1471 374 1497 contemplatione
389 1470 509 1490 cernendum
524 1473 562 1494 est,
579 1469 605 1490 ad
617 1476 669 1496 quae
683 1472 790 1496 proveatur
801 1468 902 1488 humilitas
914 1467 985 1490 earnis.

38 1502 59 1519 et
71 1499 96 1519 ad
108 1506 147 1526 que
159 1499 265 1519 inclinetur
276 1499 360 1519 altitudo
372 1499 462 1523 deitati„
480 1498 529 1525 quid
544 1499 569 1518 sit
584 1498 638 1525 quod
653 1504 698 1518 caro
713 1498 756 1517 sine
768 1496 829 1517 verbo
844 1503 884 1516 non
900 1496 950 1522 agit,
966 1498 986 1528 et

38 1527 88 1554 quid
100 1528 126 1548 sit
137 1528 191 1555 quod
202 1528 284 1548 verbum
297 1528 340 1548 sine
351 1528 410 1548 earne
422 1534 463 1547 non
474 1527 539 1547 efficit.
569 1527 619 1547 Sina
634 1526 691 1547 verhi
705 1526 759 1546 enim
773 1525 862 1552 potentia
873 1531 911 1545 neo
922 1530 986 1544 conci-

38 1559 95 1583 peret
105 1557 162 1583 virgo
174 1563 211 1577 nec
223 1559 307 1584 pareret,
323 1559 343 1576 et
358 1557 401 1576 sine
412 1556 498 1576 veritate
509 1556 574 1576 earnis
589 1555 685 1575 obvoluta
699 1555 771 1582 pannis
786 1553 873 1573 infancia
885 1559 925 1573 non
936 1553 987 1572 iwe-

38 1588 74 1605 ret.
109 1585 158 1606 Sine
171 1585 228 1606 verbi
243 1585 332 1612 potentia
346 1592 386 1605 non
400 1584 507 1604 adorarent
524 1584 577 1610 megi
595 1590 679 1611 puerum
699 1583 757 1603 atella
774 1582 841 1602 indice
859 1581 987 1604 declaratum,

39 1614 82 1634 sine
93 1614 176 1634 veritate
188 1615 252 1634 carnis
264 1621 304 1634 non
316 1613 416 1634 iuberetur
426 1613 527 1633 transferri
539 1613 560 1632 iu
571 1612 675 1639 Egyptum
691 1618 740 1639 puer
755 1614 775 1631 et
786 1611 811 1631 ab
824 1609 911 1630 Herodis
923 1616 988 1637 perse-

40 1643 118 1663 cutione
130 1643 220 1663 subduci.
250 1643 299 1663 Sine
313 1642 369 1662 verbi
384 1642 474 1669 potentia
488 1648 529 1662 non
543 1641 618 1661 diceret
632 1647 673 1661 vox
687 1640 749 1667 patris
764 1640 825 1660 missa
840 1639 865 1659 de
877 1639 930 1659 celo:
947 1638 988 1658 Hie

87 1703 94 1716 ¹
107 1703 207 1722 Par.3852:
217 1704 285 1727 nega-ri.
309 1703 317 1716 Ι
329 1703 357 1721 δίο
363 1702 414 1721 nullo
421 1702 489 1721 diaboli
495 1701 566 1721 vinculo
572 1702 659 1720 retineret
664 1701 788 1719 cor-racemo&
793 1701 820 1718 cil.
844 1700 853 1713 8
865 1699 988 1722 Codaestquia

772 1729 817 1751 45*
