1231 1931
223 94 251 115 28
528 97 645 116 CANONES
657 97 854 116 APOSTOLORUM.

223 149 244 167 V.
258 149 312 169 Quod
318 155 340 167 es
346 155 392 172 quae
403 149 422 166 in
432 148 512 167 ecelesiis
521 148 581 167 offerri
590 154 626 166 non
636 154 677 175 pos-

269 175 312 190 sunt
323 172 346 190 ud
359 172 423 190 domus
438 172 551 190 sacerdotum
568 177 578 189 a
594 171 677 189 fidelibus

269 195 377 213 deferantur.
400 195 478 218 Reliqua
485 200 538 218 poma
548 195 608 212 omnia
614 194 637 212 ad
646 195 677 212 do-

269 224 317 236 mum
323 218 411 241 primitiae
418 218 502 241 episcopo
509 220 528 235 et
529 218 645 258 apresbyteris
652 217 678 235 di-

270 241 355 264 rigantur,
362 246 395 258 nec
402 241 499 258 offeruntur
505 240 523 258 in
548 240 587 258 tari.
605 240 678 258 eertum

270 267 298 281 est
307 266 366 281 autem
378 263 427 286 quod
440 264 534 287 spiscopus
546 266 565 280 et
576 263 675 286 presbyteri

270 287 351 304 dividant
357 286 437 304 diaconis
443 289 462 304 et
468 286 541 309 reliquis
547 285 623 304 clericis.

226 310 256 328 VI.
269 309 294 327 Ut
300 310 360 333 episco
373 315 394 326 us
401 311 433 327 aut
442 309 536 332 presbyter
544 314 617 326 uxorem
627 314 678 326 suam

271 338 324 355 quam
337 332 359 350 de
373 335 392 349 et
401 334 450 350 caste
461 337 523 355 regere
536 337 572 349 non
580 331 677 354 relinqunt.

271 355 371 378 Episcopus
377 357 408 372 aut
426 354 507 378 resbyter
512 354 677 378 uxorempropriani

270 383 383 404 nequaquam
395 360 429 395 sui»
441 378 517 395 obtentu
529 377 621 400 religionis
634 377 678 395 abii-

271 402 315 420 cist:
328 406 343 418 si
353 406 395 418 vero
405 400 487 418 reiecerit
508 400 677 422 excommunicetur,

271 424 303 441 sed
310 424 325 441 si
332 423 477 446 perseveraverit„
484 413 582 440 iie‘iiciutur.

226 447 265 464 VII.
279 446 304 464 Ut
309 446 411 464 sacerdotes
419 448 437 464 et
443 446 519 463 ministri
528 446 589 463 altaris
598 445 678 463 saecula-

271 469 320 487 ribus
333 469 380 486 curis
391 469 499 486 abstineant.
530 468 632 492 Episcopus
647 471 679 486 eut

283 492 364 515 resbyter
369 494 400 509 aut
406 491 492 509 diaconus
498 497 520 509 ne
534 497 609 514 uuquam
616 497 678 509 saecu-

279 521 318 533 ares
324 520 375 532 curas
383 515 473 535 adsumat:
480 515 507 532 sii-i
532 517 571 535 iter.
578 514 677 532 deiiciatur.

226 538 275 555 VIII.
288 538 330 557 Quo
336 540 417 561 tempore
423 537 491 560 paseha
496 537 603 555 celebretur.
613 536 632 554 Si
639 537 679 560 quis

271 561 366 584 episcopus
372 563 404 578 aut
409 561 503 583 presbyter
509 562 540 577 aut
546 560 632 578 diaconus
638 565 679 577 sau-

271 586 319 601 ctum
325 583 404 606 paschae
413 583 461 600 diem
468 585 510 600 ante
516 583 588 600 vernale
595 583 680 606 aequino-

271 607 319 624 xium
326 612 366 624 cum
372 606 444 624 Iudaeis
451 606 573 626 celebraverit,
579 606 678 623 abiiciatur.

226 629 260 646 lx.
274 629 328 648 Quod
334 629 410 646 ministri
417 628 478 646 altas-is
487 628 579 646 oblatione
588 628 680 646 celebrata

271 652 350 670 debeant
355 651 492 670 communicare.
511 651 576 674 Siquis
585 652 679 678 episcopus

272 677 304 692 uut
309 675 362 698 presb
375 677 402 692 ter
410 677 441 692 aut
447 674 533 692 diaconus
539 674 568 692 vel
574 674 651 697 quilibet
657 679 679 691 ex

272 697 366 715 sacerdota
375 697 378 701 ”
389 697 472 720 catalogo
482 697 531 715 faeta
540 697 632 715 oblatione
643 702 680 714 non

271 720 430 738 communicaverit
439 722 471 737 sut
482 725 553 737 causam
564 720 621 742 dicat,
634 723 655 737 ut
664 720 680 737 si

271 742 384 760 rationabilis
395 742 457 764 suerit,
472 743 542 760 veniam
555 745 679 769 consequatur,

273 768 304 783 sut
310 766 368 783 sinon
377 765 451 787 dixerit,
462 766 587 783 communione
594 768 679 789 privetur,

272 791 357 811 tanquam
364 788 394 811 qui
402 788 469 815 populo
479 794 533 806 causa
541 788 625 806 laesionis
635 788 679 805 exti-

273 811 320 833 terit,
330 811 374 829 dans
384 811 503 834 suspicionem
512 811 535 829 de
544 817 566 828 eo
576 811 606 834 qui
614 811 680 829 sacrifi-

273 834 324 856 cavit,
343 833 380 852 uod
386 837 435 852 recte
441 839 478 851 non
484 834 576 852 obtulerit.

227 857 251 874 X.
264 857 318 876 Quod
342 856 392 874 deles
402 857 443 874 laici
454 857 576 880 ingredientes
586 856 680 874 ecclesiam

272 880 402 906 communicare
410 879 493 897 debeant.
504 879 571 897 Omnes
579 879 642 897 fideles
649 879 679 902 qui

272 902 680 952 32555¹3352”::.{⁰.¹532’::2‚521:333ssssss

271 954 305 967 nec
320 951 401 966 sanctam
416 954 559 966 communionem
574 950 680 972 percipiunt,

271 972 320 989 velut
329 971 463 994 inquietudines
471 971 558 989 ecciesiae
567 977 680 989 commoven-

272 997 299 1012 tes
305 994 390 1012 convenit
396 995 521 1012 communione
527 994 597 1021 privari.

227 1017 260 1035 XI.
274 1017 329 1036 Quod
336 1023 376 1035 cum
386 1017 543 1035 excommunicatis
552 1023 588 1034 non
598 1017 623 1035 sit
629 1022 681 1034 oran-

273 1040 321 1058 dum.
338 1039 358 1057 Si
364 1040 403 1062 quis
410 1045 450 1057 euin
456 1040 610 1057 excommunicato
617 1039 681 1057 saltem

272 1063 351 1089 intdomo
358 1062 411 1080 simul
417 1062 504 1084 oraverit,
513 1063 547 1080 iste
557 1062 681 1080 communione

227 1088 382 1134 xxrpffiffitm
386 1108 476 1125 <immun
483 1107 551 1126 clericis
557 1113 594 1126 nou
600 1108 624 1125 sit
630 1113 682 1126 ‹mn-

273 1131 320 1148 dum.
345 1130 364 1148 Si
371 1131 410 1154 quis
417 1136 457 1148 cum
463 1131 548 1149 damnato
555 1131 619 1149 clerico
626 1130 681 1149 veluti

273 1159 313 1172 cum
320 1153 384 1171 clerieo
391 1153 443 1171 simul
450 1154 533 1176 oraverit,
540 1154 574 1171 iste
581 1154 681 1171 damnetur.

227 1176 281 1194 XIII.
295 1176 320 1194 Ut
331 1176 391 1194 nullus
400 1176 479 1194 fidelium
488 1179 560 1200 praeter
568 1176 681 1194 commenda-

273 1200 322 1217 titias
331 1199 438 1222 suscipietur
444 1199 535 1223 epistolas.
559 1199 579 1217 Si
585 1200 625 1223 quis
631 1199 682 1217 eleri-

273 1228 305 1240 cus
317 1225 349 1240 aut
357 1222 413 1240 laicus
425 1228 436 1240 s
447 1222 571 1240 communione
584 1228 681 1246 suspensus

273 1251 304 1263 seu
311 1245 443 1263 communie-us
453 1245 476 1263 ad
484 1245 537 1263 aliam
547 1248 631 1269 properet
640 1245 682 1263 civi-

273 1270 329 1286 tatem
343 1270 361 1286 et
370 1268 477 1291 suscipiatur
485 1271 559 1291 propter
568 1268 681 1286 commenda-

273 1291 322 1309 titias
335 1290 404 1312 literas,
417 1293 436 1308 et
451 1291 481 1314 qui
494 1293 611 1314 susceperunt
623 1293 641 1309 et
645 1291 681 1331 l§ui

273 1315 366 1337 susceptus
378 1314 503 1331 communione
518 1314 615 1337 priventur.
662 1319 674 1331 x

273 1336 403 1354 communicato
416 1342 458 1354 vero
474 1336 574 1360 proteletur
589 1337 629 1360 ipse
643 1342 681 1354 cur-

272 1360 339 1386 reptio,
351 1361 437 1400 tanssuam
446 1359 477 1383 qui
485 1359 571 1378 mentitus
580 1359 612 1382 sit,
625 1359 681 1377 eccle-

220 1402 225 1406 ,
274 1388 319 1400 siam
326 1382 355 1400 dei
361 1388 380 1399 se
394 1382 459 1400 uxerit.

228 1405 277 1423 XIV.
291 1405 316 1423 Ut
322 1405 344 1422 ab
354 1405 414 1428 episco
428 1405 443 1422 is
453 1405 512 1423 aliena
518 1405 604 1428 puochia
609 1405 682 1422 minime

273 1428 386 1451 pervadatur.
422 1428 496 1451 piscopo
502 1434 539 1445 non
545 1427 600 1445 licere
606 1427 683 1445 alienam

273 1450 376 1474 parochiam
395 1451 454 1477 ropris
460 1450 522 1468 relicta
528 1450 633 1473 pervadere,
640 1450 683 1468 licet

275 1476 352 1497 cogatur
358 1480 368 1491 a
374 1479 385 1497 p
394 1474 460 1495 urimis,
470 1474 504 1491 nisi
510 1473 556 1491 sorte
563 1474 603 1496 quis
610 1479 650 1491 cum
655 1479 684 1491 ra-

274 1497 356 1515 tionabili
368 1502 422 1514 causa
437 1502 476 1514 coin
489 1496 541 1517 ellat,
555 1499 640 1519 tanquam
653 1496 683 1519 qui

287 1520 332 1537 ossit
343 1520 410 1537 ibidem
421 1519 524 1537 constitutis
536 1519 577 1546 plus
586 1518 631 1537 lucri
641 1525 682 1537 con-

282 1548 320 1560 erre
333 1545 351 1560 et
363 1542 381 1560 in
393 1548 448 1560 eausa
460 1542 553 1565 religionis
562 1542 630 1565 aliquid
642 1548 682 1569 pro-

274 1565 322 1583 fecto
331 1566 439 1589 prospicere,
455 1565 479 1582 Et
485 1565 519 1583 hoc
525 1570 562 1582 non
569 1571 579 1582 a
585 1566 682 1588 semetipso

273 1590 372 1612 pertentet,
384 1588 417 1606 sed
426 1587 522 1606 multorum
528 1588 652 1611 episcoporum
658 1588 685 1605 iu-

275 1611 322 1629 dicio
328 1613 347 1629 et
352 1611 430 1629 maxima
436 1611 566 1634 supplicatione
572 1610 659 1634 perficiat.

230 1633 269 1651 XV.
282 1634 307 1652 Ut
319 1634 378 1652 clerici
390 1634 471 1657 proprias
483 1634 569 1652 ecclesias
580 1639 617 1651 non
629 1633 682 1651 relin-

275 1660 336 1679 quant.
351 1656 371 1675 si
377 1657 417 1680 quis
422 1657 516 1680 presbyter
522 1659 552 1675 aut
559 1656 645 1675 diaconus
652 1659 683 1674 aut

751 148 828 172 quilibet
833 149 856 167 de
862 154 936 166 numero
943 148 1047 166 elericorum
1056 149 1158 172 relinquens

751 172 840 195 propriam
852 171 954 195 parochiam
966 174 1030 195 pergat
1045 172 1068 189 ad
1083 172 1159 189 alienam

752 197 770 212 et
777 195 850 212 omnino
856 195 958 217 demigrans
967 197 1038 218 praeter
1045 195 1126 222 episcopi
1132 195 1159 212 sui

752 217 879 235 conscientiam
891 218 909 235 in
920 217 979 235 aliena
987 217 1072 240 parochis
1082 223 1160 235 comino-

752 242 808 262 retur,
822 240 869 258 hunc
877 240 952 258 ulterius
962 241 1062 258 mini-trare
1071 246 1108 258 non
1114 240 1159 263 pati—

753 269 801 284 mur,
816 263 912 286 praecipuo
927 263 941 280 si
952 266 1027 281 vocatus
1040 263 1063 281 sb
1075 263 1160 286 episcopo

753 286 811 304 redire
819 286 954 309 contempserit,
967 286 986 303 in
995 292 1028 303 sua
1036 286 1159 309 inquietudine

765 314 878 330 eraeverans,
888 311 1005 327 veruntamen
1011 312 1098 332 tanquam
1104 309 1160 326 laicus

752 338 757 349 i
771 332 908 349 icommunicet.

706 355 755 373 XVI.
768 355 793 372 Ut
797 355 892 378 episcopus
899 354 930 377 qui
939 354 1013 372 elericos
1022 354 1095 372 alterius
1102 360 1161 372 susce-

751 377 806 400 perit,
816 378 942 395 communioue
951 377 1035 400 privetur.
1059 377 1161 400 Episcopus

751 406 793 418 vei-o
799 400 847 423 apud
854 406 907 423 quern
917 402 1037 418 commoratos
1045 405 1086 418 esse
1095 400 1162 417 consti-

751 423 801 445 terit,
814 423 829 440 si
836 425 899 440 contra
905 428 936 440 eos
943 423 1032 441 decretam
1042 423 1161 441 cessationem

752 451 784 469 pro
803 446 860 463 nihilo
878 448 965 469 reputans
982 448 1014 463 tau
1027 451 1068 463 uam
1086 445 1161 463 clericos

752 469 798 486 forte
804 469 912 492 susceperit,
921 468 970 486 velut
977 471 1064 491 mag-ister
1072 468 1162 492 inquietu-

752 491 799 509 dinis
806 492 930 509 communione
949 492 1021 509 rivetur.

707 514 766 532 XVII.
779 514 804 532 Ut
809 514 876 537 bigami
883 520 919 532 non
926 520 937 532 s
950 515 1044 532 mittantur
1052 514 1075 531 ad
1085 514 1160 532 clerum.

753 537 773 555 S
779 537 819 560 quis
825 539 869 560 post
877 537 967 560 baptisma
972 537 1055 555 secundis
1065 537 1119 555 fuerit
1128 542 1161 554 nu-

753 560 795 583 ptiis
802 560 896 583 copulatus
905 562 936 577 sut
945 560 1063 577 concubinam
1071 559 1162 581 habuerit,

753 589 789 601 non
809 585 858 600 otest
863 588 903 600 asse
909 583 1013 606 episcopus,
1025 588 1062 600 non
1068 583 1162 606 presbyter

754 609 785 623 aut
809 606 883 623 inconus
895 607 927 623 aut
934 611 1007 629 prorsus
1017 611 1039 623 ex
1048 611 1122 623 numero
1131 611 1162 623 eo-

753 634 792 646 rum
798 628 829 651 qui
835 628 934 646 ministerio
941 634 991 646 sacro
998 628 1106 646 deserviunt.

708 651 777 669 XVIII.
790 651 844 671 Quod
856 651 871 668 is
881 651 911 674 qui
920 651 993 669 viduam
1002 651 1030 669 vel
1042 651 1118 668 eiectam
1130 653 1163 668 aut

753 675 865 692 meretricem
874 674 970 697 acceperit,
980 680 1017 691 non
1026 674 1132 692 admittatur
1138 674 1162 691 ad

754 697 826 715 clerum.
851 696 870 714 Si
877 697 917 720 quis
926 697 998 714 viduum
1008 699 1039 714 aut
1048 697 1123 714 eiectam
1133 702 1162 714 ae·

754 726 775 737 cc
788 720 822 737 erit
833 721 865 737 aut
875 720 986 737 meretricem
999 722 1031 737 aut
1042 719 1125 737 ancillam
1133 719 1163 737 vel

754 743 832 766 aliquam
844 743 867 760 dc
876 742 904 760 his
913 748 959 766 quae
969 743 1045 766 publicis
1055 742 1162 766 spectaculis

753 766 888 789 mancipantur,
900 771 935 783 non
948 767 1010 788 potest
1018 771 1058 783 esse
1067 765 1163 788 episcopus

754 792 785 806 sut
790 788 884 812 presbyter
891 790 922 805 aut
931 788 1017 806 diaconus
1027 790 1058 806 aut
1066 794 1089 806 ex
1098 794 1120 805 eo
1129 794 1164 806 nu-

753 817 802 829 mero
809 811 839 834 qui
846 811 944 829 ministerio
951 817 1001 829 sacro
1008 810 1116 829 deserviunt.

708 834 760 852 xlx.
773 834 809 854 Qui
816 834 861 851 duas
867 839 937 852 sorores
944 833 1072 856 habiiericnon
1079 833 1164 851 admitta-

753 860 782 874 tur
794 857 817 874 ad
830 856 902 875 clerum.
926 857 962 876 Qui
974 857 1019 874 duas
1031 857 1050 874 in
1059 856 1112 874 coniu
1127 857 1163 873 'uin

754 885 824 897 sorores
834 879 923 903 acceperit
932 879 960 897 vel
969 879 1023 897 filiam
1034 879 1102 901 fratris,
1112 885 1121 896 c
1129 879 1164 897 eri-

754 908 785 921 cus
792 908 831 920 esse
838 908 874 920 non
894 903 952 920 oterit.

708 925 750 943 XX.
763 925 852 943 clericum
863 925 874 942 fi
889 925 986 942 eiussorem
998 931 1038 943 esse
1053 930 1090 942 nnn
1102 930 1163 948 posse.

754 948 834 966 Clericus
847 948 992 966 fideiussionibus
1004 948 1103 966 inserviens
1118 948 1165 965 abii-

755 971 818 989 ciatur.

709 994 760 1012 XXI.
775 994 829 1013 Quod
835 994 847 1011 ii'
855 994 885 1017 qui
891 999 927 1011 non
934 996 998 1017 sponte
1005 994 1117 1011 eunuchizati
1121 997 1166 1011 aunt

755 1017 876 1043 suscipiantur
882 1017 905 1034 ad
911 1016 983 1034 elerum.
1004 1016 1103 1035 Eunuchus
1110 1016 1125 1034 si
1131 1022 1166 1040 per

755 1040 829 1057 insidias
836 1040 928 1057 hominurn
935 1039 992 1057 sactus
999 1042 1032 1061 est,
1042 1040 1071 1057 vel
1078 1040 1092 1057 si
1099 1040 1117 1057 in
1124 1045 1166 1062 per-

755 1069 774 1080 se
788 1062 862 1080 uutione
869 1062 907 1080 eius
916 1065 958 1080 sunt
967 1068 996 1080 um
1010 1065 1060 1080 utata
1069 1062 1126 1080 virilia
1135 1062 1166 1079 vel

756 1086 771 1103 si
780 1088 808 1112 ita
818 1088 871 1103 natus
883 1087 911 1103 est
919 1088 938 1103 et
950 1088 978 1103 est
1002 1086 1063 1109 ignus,
1076 1085 1167 1103 efficiatur

709 1131 765 1149 m
738 1131 745 1135 “
756 1114 893 1157 εΡιῦῦῑομιξᾶἰ-ιθ
899 1131 1032 1152 eunuchizavit,
1045 1130 1120 1148 clericus
1126 1136 1167 1148 non

755 1154 791 1172 fiat.
816 1154 835 1172 Si
842 1159 881 1177 quis
888 1154 964 1172 abscidit
970 1154 1085 1177 semetipsum
1091 1166 1096 1175 ‚
1105 1153 1123 1171 id
1130 1156 1167 1175 est,

756 1177 770 1194 si
778 1176 817 1200 quis
826 1177 925 1200 amputavit
931 1177 965 1194 sibi
971 1176 1038 1198 virilia,
1047 1182 1084 1194 non
1090 1176 1122 1194 fiat
1128 1176 1167 1194 cle—

755 1200 808 1222 ricus,
815 1200 858 1222 quia
863 1205 906 1217 suus
912 1199 1003 1217 homicida
1009 1203 1036 1217 est
1042 1202 1061 1217 et
1067 1199 1096 1217 dei
1102 1199 1168 1217 eondi-

755 1222 810 1240 tionis
818 1222 906 1240 inimicus.

710 1245 781 1263 xxm.
794 1245 819 1262 Ut
825 1245 899 1263 clericus
909 1245 939 1272 qui
948 1250 968 1263 se
977 1245 1110 1265 eunuchizavit,
1120 1244 1168 1262 abii-

755 1268 812 1286 ciatur
819 1274 829 1285 a
835 1268 889 1285 clero.
899 1267 918 1285 Si
925 1268 970 1291 quis,
977 1274 1017 1285 cum
1023 1267 1098 1286 clericus
1104 1267 1168 1290 fuerit,

756 1291 852 1309 absciderit
858 1291 1056 1314 semetipsum,omniuo
1063 1291 1166 1312 damnetur,

768 1314 798 1331 uia
804 1319 847 1331 suus
853 1316 881 1331 est
888 1313 982 1331 homicida.

710 1337 756 1355 XXI
773 1350 777 1354 .
790 1336 815 1354 Ut
827 1336 883 1354 laicus
893 1337 922 1363 qui
932 1342 951 1354 se
961 1336 1094 1357 eunuchizavit,
1106 1336 1168 1354 tribus

756 1359 808 1377 aunis
812 1365 937 1377 communione
940 1359 1024 1382 privetur.
1030 1359 1096 1377 Laieus
1099 1362 1169 1376 semet-

756 1382 815 1406 ipsum
825 1382 941 1404 abscindens,
954 1382 1006 1400 annis
1018 1382 1076 1399 tribus
1086 1387 1170 1399 commu-

756 1405 811 1423 nione
817 1405 906 1428 privetur,
918 1405 960 1428 quia
966 1410 1009 1423 suae
1016 1405 1063 1423 vitae
1070 1404 1170 1422 insidiator

758 1428 823 1446 extitit.

711 1451 769 1469 XXV.
783 1451 837 1470 Quod
843 1450 938 1474 episcopus
945 1452 977 1468 aut
984 1451 1078 1474 presbyter
1087 1452 1119 1468 aut
1128 1450 1171 1468 dia-

757 1479 822 1496 conus,
835 1474 850 1491 si
858 1479 891 1496 pro
897 1474 1000 1491 criminibus
1007 1473 1087 1491 damnati
1093 1473 1170 1494 suerint.

757 1496 830 1514 minime
837 1497 962 1514 communione
969 1496 1065 1519 priventur.
1090 1496 1172 1519 Episco-

770 1525 790 1537 us
803 1522 835 1537 aut
846 1520 940 1542 presbyter
952 1522 984 1537 out
996 1519 1091 1540 diaconus,
1104 1519 1135 1542 qui
1147 1519 1171 1537 iri.

765 1543 875 1560 omicatione
883 1544 914 1560 aut
920 1542 997 1565 periurio
1005 1544 1035 1560 ant
1045 1542 1092 1559 furto
1102 1544 1171 1569 captus

757 1568 793 1586 est.
806 1565 914 1588 deponatur,
927 1571 964 1582 non
973 1568 1033 1583 tamen
1040 1570 1171 1583 communione

756 1588 845 1611 privetur,
852 1588 896 1606 dicit
902 1588 949 1606 enim
956 1588 1050 1611 scriptura:
1064 1593 1101 1605 non
1107 1588 1171 1605 viudi-

756 1611 805 1629 osbit
811 1611 894 1628 dominus
901 1611 929 1628 his
935 1611 954 1628 in
960 1611 985 1628 idi
998 1616 1042 1628 sum.
1089 1620 1095 1629 x

710 1634 779 1652 XXVI.
790 1633 1048 1657 Similite‘retreliquiministri.
1059 1633 1174 1651 Similiwret

757 1656 822 1680 reliqui
828 1656 887 1675 elerici
896 1656 938 1675 huic
947 1657 1046 1675 conditioni
1053 1656 1171 1674 subiaceant.
