1231 1931
341 124 484 145 CONCILIUM
496 125 658 146 TOLETANUM
670 125 796 147 DECIMUM.

95 175 162 195 tudine
172 177 257 200 damnat,
270 178 313 196 huic
322 178 396 197 decreto
406 182 515 198 connectere
522 185 553 198 no-

93 202 136 218 stra
141 200 240 224 vigilantis
245 203 338 224 procurat.

93 251 140 270 Hic
154 252 220 271 datus
235 258 307 271 canon
322 259 347 271 ex
359 254 457 273 concilio
469 254 553 273 Valen-

231 276 288 299 tino,
300 276 368 295 titulo
380 277 426 295 lv.1

129 303 171 330 Nec
177 304 229 326 illud.
235 305 309 328 fratres,
318 305 399 324 seribere
405 306 486 324 alienum
493 306 517 324 sb
524 311 552 324 ee-

93 326 164 345 clesiae
177 327 259 345 utilitate
271 329 385 351 censuimus,
397 331 419 347 ut
431 329 502 347 sciretis
514 329 553 352 qui-

93 355 175 373 cumque
187 350 223 368 sub
234 350 351 369 ordinatione
363 352 392 369 vel
405 352 515 370 diaconatus
524 352 554 370 vel

92 373 207 396 presbyterii
219 373 249 391 vel
261 374 380 397 episcopatus
391 375 465 393 mortali
477 375 553 393 crimine

92 395 176 414 dixerint
185 401 205 414 se
215 402 255 414 esse
261 397 342 420 pollutos
349 403 360 415 ι
366 398 478 421 supradictis
485 398 553 416 ordini-

92 418 130 436 bus
139 418 283 441 submovendos.
296 425 337 438 reos
346 421 418 439 scilicet
426 421 456 439 vel
465 421 503 439 veri
510 426 552 439 con-

92 441 177 460 fessione
182 442 213 460 vel
218 443 314 461 mendacio
321 443 416 462 falsitatis.
431 443 497 467 Neque
504 444 553 462 enim

92 464 167 483 absolvi
178 467 241 488 potest
249 465 269 484 in
277 465 315 489 his,
328 466 344 485 si
353 466 373 485 in
382 467 452 491 seipsos
462 467 552 485 edixerint

92 488 145 511 quod
151 488 225 515 dictum
234 489 253 507 in
259 489 306 507 ulios
311 489 417 517 puniretur,
430 495 487 514 quum
493 490 552 508 omnis

93 511 126 551 quii
141 511 177 552 σιξ-ι
192 511 249 530 msa-it
262 515 326 531 mortus
344 518 401 531 causa
418 514 476 531 maior
494 513 551 531 bomi-

92 539 111 551 οι
124 539 137 551 a
143 540 159 552 si

128 562 201 581 Multae
205 563 279 587 quidem
286 564 464 583 etalisesententise
470 564 513 583 huic
532 570 551 583 o-

91 587 157 603 ter-ant
166 586 235 604 innecti
242 586 326 610 decreto,
339 593 387 611 quae
393 588 509 611 praedictum
532 593 551 606 o-

92 609 172 626 tamium
190 614 201 627 e
215 609 298 633 iscopum
317 611 425 629 saevissima
442 610 552 629 austeritate

92 631 176 650 abiicere
185 632 205 650 iu
229 635 259 656 nt,
272 633 305 651 sed
317 639 339 651 ex
351 634 436 652 omnibus
448 633 497 651 beno
508 639 552 651 con-

91 654 552 703 {22332³3„1222„22255‚¹22⁹3”332”sm223i¹?;:22:322¹

547 693 552 701 ι

91 700 215 723 gravissimae
227 702 303 720 ultiouis
315 705 400 721 auctores
411 702 490 721 existere
501 702 552 720 vide-

90 729 160 742 remur.

127 752 208 770 Faetum
217 753 311 771 decretum
321 753 355 772 sub
364 754 395 772 die
401 754 444 772 Kal.
454 754 552 772 Decembr-

91 780 143 793 anno
152 775 233 794 feliciter
242 779 309 795 octavo
314 777 368 801 regni
380 777 508 801 gloriosissimi
520 777 552 795 do-

90 797 272 817 miniBeccesvintbi
278 800 333 823 regis.
346 800 354 813 ἵ
358 800 460 824 Eugenius,
464 800 552 823 indignus

90 821 200 840 'toletanae
216 822 264 840 sedis
278 823 433 846 metropolitanus
448 823 551 847 episcopus,

90 843 129 862 hoe
135 844 199 862 iudicii
205 845 263 863 nostri
270 846 364 864 decretum
371 846 480 870 subscripsi3
487 845 551 863 simili-

89 869 156 908 ffilelt
171 868 203 885 alii
218 868 301 892 episcopi
316 869 465 893 subscripserunt
475 874 552 887 numero

221 926 290 944 Aliud
302 926 422 945 decretum.

128 959 199 978 Vividis
208 960 319 979 tractatibus
328 960 410 979 invenire
420 960 470 985 quod
481 961 550 979 iustum

89 984 121 1000 est
131 985 150 1000 et
159 983 273 1006 experientia
282 989 323 1002 esse
332 984 455 1002 iudicantium
466 989 550 1007 compro-

89 1005 149 1023 batur
160 1008 180 1023 et
191 1006 235 1024 iusti
247 1007 313 1025 summi
324 1007 388 1025 iudicii
398 1009 470 1025 statuta
478 1007 550 1030 plenior

89 1028 191 1047 invenitur.
215 1029 269 1048 Adeo
275 1030 342 1048 mentis
348 1030 470 1048 intentionem
476 1030 550 1053 orisque

88 1051 147 1068 simul
165 1052 228 1070 studia
242 1053 356 1071 deducentes
371 1053 459 1071 audiendi
477 1052 550 1076 negotii

88 1074 177 1092 delatum
188 1077 217 1093 est
226 1075 250 1093 ad
260 1081 293 1094 nos
302 1076 322 1094 in
331 1078 424 1094 conventu
434 1076 494 1094 sancti
505 1081 549 1093 con-

88 1097 131 1114 cilii
140 1103 162 1115 ex
172 1098 242 1116 directo
248 1098 324 1122 gloriosi
331 1099 399 1117 domini
406 1099 464 1117 nostri
471 1098 549 1116 Recees-

87 1120 152 1138 vintbi
161 1121 210 1144 regis
219 1127 253 1145 per
260 1121 351 1140 illustrem
360 1122 419 1139 virum
426 1121 549 1140 Wambanem

87 1145 224 1161 testamentum
230 1144 323 1168 gloriosae
328 1145 428 1162 memoriae
434 1144 493 1162 sancti
500 1144 549 1162 Mar-

88 1166 128 1183 tini
143 1166 233 1185 eeclesiae
244 1167 363 1185 Bracarensis
375 1167 468 1191 episcopi,
486 1167 519 1191 qui
530 1169 550 1185 et

87 1188 193 1207 Dumiense
200 1190 331 1208 monum-ium
334 1190 383 1208 visus
387 1193 417 1208 est
420 1191 549 1213 construxisse,

87 1214 112 1229 ut.
122 1214 204 1230 reserato
213 1218 235 1230 eo
245 1213 295 1239 quod
302 1213 340 1231 illic
346 1215 458 1231 memoratus
464 1213 549 1231 beatissi—

87 1240 133 1252 mus
141 1235 170 1252 vir
179 1235 291 1254 decrewsset
300 1239 375 1254 nostrae
384 1236 487 1263 cognitioni
496 1240 549 1260 pate-

87 1259 130 1275 ret:
149 1263 186 1281 quo
201 1260 313 1277 testamento
328 1259 348 1276 in
363 1264 445 1277 omnium
457 1261 550 1277 conventu

87 1280 161 1298 relecto
171 1282 293 1305 comperimus
301 1282 351 1300 bunc
360 1287 382 1300 ex
391 1282 455 1300 ordine
464 1287 476 1300 s
482 1287 550 1300 memo-

87 1306 132 1321 rato
142 1303 226 1327 principe
233 1304 257 1322 ad
263 1310 296 1322 nos
303 1310 343 1323 esse
349 1305 448 1327 directumy
461 1305 549 1328 quonism

87 1326 141 1344 idem
150 1327 243 1350 gloriosae
249 1327 348 1346 memoriae
354 1328 482 1346 sanctissimus
488 1328 516 1345 vir
521 1328 549 1345 ita

87 1349 209 1372 decreverat,
227 1352 248 1368 ut
262 1351 403 1368 succedentibus
417 1356 451 1374 per
465 1351 549 1369 ordinem

87 1372 167 1395 regibus
176 1372 201 1391 sd
209 1373 363 1397 complementum
372 1374 411 1392 eius
421 1374 479 1397 ipsius
491 1376 548 1391 testa-

87 1395 149 1413 menti
173 1396 282 1414 constitutio
305 1399 389 1414 maneret
412 1396 548 1415 commendata.

88 1417 147 1435 Tunc
159 1418 227 1436 deinde
236 1419 308 1437 illatum
318 1421 347 1437 est
355 1419 408 1437 nobis
417 1421 549 1437 testamentum

86 1441 199 1459 Ricchimiri
214 1444 326 1460 memoratae
341 1442 430 1461 ecclesiae
442 1442 549 1460 Dumiensis

86 1464 173 1491 episcopi
178 1478 183 1487 ,
196 1465 246 1488 quod
253 1465 276 1483 de
284 1466 339 1483 rebus
349 1465 386 1483 suis
393 1466 412 1483 in
418 1466 483 1483 endem
490 1465 549 1483 eccle—

86 1492 120 1504 sia
134 1487 242 1506 decreverat
257 1488 393 1506 examinatione
408 1488 491 1507 veridica
505 1488 549 1506 diri-

86 1510 187 1528 mendum:
205 1516 242 1534 quo
256 1511 316 1529 relato
331 1511 451 1535 cog-novimus
463 1512 549 1529 eumdem

86 1535 185 1551 auctorem
201 1539 254 1552 suum
266 1534 304 1552 illic
316 1534 399 1552 diversse
411 1534 549 1553 constitutionis

86 1555 171 1573 edidisse
182 1556 306 1580 conditiones,
319 1557 368 1575 inter
380 1563 427 1581 quas
436 1563 493 1575 unam
501 1557 547 1575 vali-

86 1579 135 1596 dam
142 1581 218 1597 conatus
225 1582 254 1597 est
259 1580 370 1604 religatione
376 1580 509 1604 constringere,
516 1580 548 1598 de-

85 1603 160 1625 putans
169 1604 189 1620 et
198 1602 292 1621 illationes
301 1603 412 1621 tributorum
418 1605 438 1621 et
443 1603 504 1627 prefin
509 1603 548 1621 frn-

997 123 1039 146 403

582 185 626 203 gum
636 179 706 203 absque
715 180 778 203 aliqua
791 179 912 198 diminutione
924 186 988 199 annua
998 181 1039 199 vice

596 203 696 226 auperibus
703 208 786 227 erogare,
794 203 877 227 nihilque
883 209 923 221 esse
930 204 1000 227 absque
1007 204 1039 222 de-

597 225 692 244 berat-ione
703 227 798 248 relictum,
811 226 861 249 quod
869 224 937 245 'usibus
949 227 1039 245 ecclesiae

582 250 646 272 posset
652 249 732 272 quadarn
740 249 853 267 liberalitate
859 250 934 267 servire.
956 250 1010 268 Tunc
1017 256 1039 268 ex

582 277 628 289 voce
639 271 698 295 partis
711 272 800 290 ecclesise
810 272 915 290 Dumiensis
924 273 1039 291 adstructum

582 295 664 318 estquod
671 295 845 318 uuiverssespeciei,
852 295 926 322 generis
932 298 951 313 et
957 296 1039 322 corporis

582 323 620 335 rem
627 318 700 341 quaein
707 318 788 336 eiusdem
794 318 884 336 ecclesiae
891 318 945 336 domo
954 319 1039 337 inlu-inse-

582 346 614 358 cns
624 341 648 358 ad
657 346 701 358 usus
708 341 820 359 domesticos
826 344 845 359 et
852 343 934 364 tempore
940 346 984 359 suae
990 342 1039 360 ordi-

582 363 664 381 nationis
672 364 721 381 idem
731 364 829 387 episcopus
838 364 960 382 Ricchimirus
968 365 1040 383 invenit

626 392 661 404 uae
673 386 679 404 i
694 392 713 404 se
726 389 759 404 aut
771 387 794 404 de
806 392 862 410 opere
874 387 969 411 utriusque
985 392 1039 405 sexus

582 388 602 404 et

582 410 617 427 uti

582 432 668 450 confecta
674 434 730 456 atque
737 433 790 451 illata
797 435 830 450 aut
836 438 884 456 quae
891 438 925 451 sua
933 433 1039 456 provisione

581 455 668 473 habuisse
675 456 724 473 visus
731 458 759 473 est
765 456 878 479 conquisita,
891 457 953 474 omnia
959 457 1038 474 moriens

581 478 655 496 iussisse
667 478 781 505 pauperibus
792 484 880 503 erogare;
892 479 984 503 quaedam
995 485 1038 498 vero

580 501 608 519 ita
617 501 677 519 viliori
685 501 745 525 pretio
751 502 831 520 vendere
838 502 932 520 ordinasse
937 515 941 523 ,
954 504 976 520 ut
981 508 1038 526 nego-

580 524 635 542 tiatio
641 524 706 542 harum
712 530 772 542 rerum
792 525 858 543 erditio
861 525 923 548 potius
930 531 985 549 quam
992 531 1038 543 mer-

581 547 630 565 catio
640 550 751 566 censeretur.
783 548 862 566 >didisse
868 553 941 575 quoqne
948 548 1039 571 quosdam

580 570 648 588 liberos
657 575 680 588 ex
689 570 771 588 eiusdem
781 571 871 589 ecclesiae
877 571 961 593 familiis,
971 570 1039 594 quibus

582 593 638 611 etiam
647 599 689 611 cum
699 593 740 611 aliis
750 594 775 611 ad
784 599 804 611 se
810 593 946 617 pertinentibus
958 594 1038 617 amplius

582 621 637 639 quam
650 616 788 640 quinquaginta
796 617 888 640 reperitur
899 617 995 640 utriusque
1008 623 1037 635 sc-

581 645 615 657 xus
629 639 703 657 dedisse
718 639 816 663 mancipia<
841 639 912 661 Quibus
925 640 998 658 damnis
1011 640 1038 658 its

581 662 944 712 gffffigffiffguffiffiewfflffiffl
951 662 1036 703 ‘3223‘

1033 699 1037 707 ι

580 713 605 726 ne
617 708 662 731 quid
677 708 701 726 ad
716 708 734 726 di
750 708 828 726 nitatem
843 708 932 726 eeclesiae
947 708 1037 732 reliquum

581 733 639 753 esset,
650 736 706 754 quum
713 737 737 749 nu
746 732 764 749 la
769 731 867 749 imminens
873 736 929 749 causa
935 737 1038 755 pauperum

580 753 697 772 necessitatis
706 754 801 775 existeret,
814 760 862 778 quae
871 754 890 772 in
896 754 931 772 hoc
937 757 1003 772 sancta
1009 755 1038 772 lex

581 779 619 794 tam
626 777 735 795 examussim
742 782 773 795 ero
788 783 819 795 arc
826 777 941 801 deprebensa
947 779 975 795 est
981 779 1038 801 atque

580 805 614 823 pro
626 799 697 818 libertis
710 800 746 817 illis
758 783 804 818 uffiil
815 800 917 818 secundum
928 800 1037 819 canonicam

580 823 695 840 sanctionem
702 823 766 840 datum
775 823 794 840 in
804 823 949 841 communionem
958 825 1037 846 peteret,

580 845 614 863 sed
619 851 654 863 nec
659 851 693 869 pro
700 845 796 868 mancipiis
803 848 823 863 et
828 846 904 869 reliquis
910 845 964 864 rebus
968 846 1037 864 eisdem

580 868 652 886 libertis
667 868 741 886 collatis
753 868 824 891 aliquid
836 869 855 886 in
867 869 997 892 repensatione
1008 874 1037 887 re-

580 891 644 909 lictum
654 891 744 909 ecclesiae
753 892 885 914 innotesceret,
898 897 961 909 verum
971 893 990 909 et
998 897 1037 909 rem

580 920 632 932 suam
641 914 669 932 ita
678 914 697 931 in
703 914 776 932 nomine
782 920 885 938 pauperum
892 914 1001 938 relegasset,
1013 920 1037 933 ne

580 936 651 960 aliquid
659 937 736 955 remedii
745 942 768 955 ex
774 937 809 955 boc
815 937 952 955 ecclesiasticus
958 943 1001 955 usus
1009 939 1036 955 at-

579 960 668 984 tingeret,
686 960 738 978 ducti
752 965 815 978 sumus
827 961 866 978 tam
877 960 955 978 rationis
967 960 1037 978 intuitu

579 989 635 1007 quam
646 985 765 1007 paternarum
776 983 893 1001 sanctionum
905 983 966 1001 edicto
979 983 1037 1007 ipsius

578 1006 685 1024 testamenti
694 1006 769 1028 seriem.
782 1007 818 1024 etsi
826 1012 863 1024 non
872 1011 1005 1030 usquequaque
1017 1006 1037 1024 in

578 1029 650 1047 irritum
662 1029 768 1047 rationabili
780 1031 926 1052 temperamento
938 1029 1035 1051 deducere,

579 1052 649 1070 scilieet
657 1054 684 1074 ut,
689 1052 733 1076 quin
740 1053 834 1070 tantorum
840 1052 978 1075 dispendiorum
985 1052 1036 1070 dam-

578 1075 608 1093 nis
612 1077 728 1093 amemorato
733 1075 846 1093 Ricchimiro
853 1075 942 1102 episcopo
948 1075 1036 1093 factisres

579 1098 706 1116 ecelesiastica
712 1098 828 1122 dignoscitur
833 1098 934 1121 subiacere,
942 1098 1001 1116 omnis
1007 1103 1036 1116 res

578 1121 618 1139 eius
627 1127 683 1145 quam
692 1121 790 1144 alligatam
801 1121 877 1144 reliquit
888 1126 926 1144 pau
940 1126 991 1139 erum
1003 1126 1036 1139 no·

578 1144 629 1165 mini,
637 1144 708 1162 tamdiu
712 1144 809 1162 Dumiensi
816 1144 906 1162 ecclesiae
913 1150 925 1167 p
933 1149 969 1162 ena
975 1144 1035 1162 deser-

578 1167 618 1185 viat
624 1167 721 1189 facultate,
726 1167 785 1184 donec
791 1172 844 1184 omne
851 1167 886 1185 boc
892 1167 979 1184 damnum
998 1167 1036 1185 uod

579 1190 599 1208 in
605 1189 713 1208 utensilibus
720 1190 784 1208 domus
790 1189 883 1212 sustinuit,
893 1189 955 1207 valeat
962 1190 990 1207 evi
1004 1195 1035 1207 en-

578 1212 616 1231 tius
625 1213 717 1236 reparari,
730 1218 752 1230 ac
761 1215 806 1230 tunc
815 1213 909 1236 completa
916 1212 1035 1230 restitutione

579 1236 642 1254 damni
652 1236 759 1254 observetur
768 1235 817 1253 sicut
826 1235 901 1253 decretu
910 1237 939 1253 est
945 1235 1001 1253 series
1008 1237 1034 1253 te-

578 1259 670 1277 stamenti.
686 1258 772 1276 Libertas
778 1263 822 1276 vero
829 1258 861 1285 qui
867 1264 890 1276 ex
896 1258 971 1276 familiis
977 1258 1035 1276 eecle-

578 1282 617 1299 siae
623 1281 669 1299 sacti
675 1283 724 1304 suut,
734 1286 767 1299 seu
775 1287 804 1299 res
811 1287 896 1299 universa
905 1286 953 1308 quse
959 1281 978 1298 in
984 1287 1035 1299 man-

578 1304 632 1328 cipiis
647 1304 725 1328 aliisque
741 1304 849 1328 corporibus
866 1304 896 1322 vel
908 1304 944 1322 xllis
956 1304 985 1322 vel
998 1304 1035 1322 suis

577 1327 683 1345 hominibus
693 1327 761 1345 collata
768 1332 808 1345 esse
814 1327 935 1351 dignoscitur,
942 1329 1011 1344 cuncta
1016 1327 1035 1344 in

579 1350 688 1368 discretione
694 1350 804 1368 venerabilis
807 1350 870 1368 frnu-i·
875 1350 933 1368 nostri
936 1349 1035 1368 Fructuosi

578 1373 661 1398 episcopi
677 1373 792 1396 disponenda
806 1373 934 1396 relinquimus,
952 1375 973 1390 ut
991 1373 1036 1396 quia

578 1396 625 1414 haec
632 1396 707 1414 evidens
714 1396 759 1414 ordo
765 1397 839 1419 patrum
846 1396 865 1413 in
871 1396 943 1414 irritum
949 1396 1034 1418 devocat,

578 1419 628 1437 illius
637 1421 802 1442 temperamentum
815 1419 851 1437 boe
863 1419 887 1437 ad
899 1419 1034 1437 miserationem

579 1442 667 1465 adducat,
690 1441 757 1460 naliter
763 1447 798 1460 nee
803 1441 887 1465 regulam
893 1444 990 1465 paternam
996 1447 1034 1460 mo-

579 1466 613 1483 dus
628 1470 672 1483 exce
686 1467 706 1483 et
718 1468 737 1483 et
748 1465 886 1483 miserationem
897 1465 985 1483 severitas
997 1470 1035 1482 non

578 1488 691 1512 exstinguet,
695 1489 717 1505 ut
723 1488 823 1505 secundum
829 1488 914 1505 meritum
917 1488 1034 1505 servientium

578 1513 598 1529 et
610 1511 701 1529 libertatis
712 1510 795 1534 praemis
807 1512 826 1528 et
837 1516 898 1529 rerum
913 1510 991 1529 donaris.
1005 1510 1035 1528 vel

578 1534 677 1552 subtrahat
683 1534 712 1551 vel
718 1533 813 1551 concedat.

632 415 673 427 cum
691 409 794 428 amiliarum
804 410 894 428 ecclesiae
903 410 965 434 potuit
971 410 1040 428 babere

612 1557 688 1575 Editum
697 1557 791 1574 dec-retum
800 1556 836 1574 sub
845 1556 875 1574 die
884 1556 927 1574 Kal.
937 1556 1034 1574 Deoembr.
1069 1571 1071 1573 .

578 1585 627 1598 anno
639 1579 719 1598 feliciter
728 1581 794 1597 octavo
803 1579 856 1603 reg-ni
866 1579 993 1606 gloriosissimi
1002 1579 1035 1597 do-

577 1603 623 1621 mini
629 1603 688 1621 nostri
694 1602 825 1620 Reocesvinthi
830 1607 886 1626 regis.

136 1647 145 1660 ¹
157 1648 249 1672 Inscriptio
255 1649 273 1666 in
280 1648 329 1671 H'up.
335 1655 371 1666 mm
377 1649 450 1667 eaeht'bt'ln
456 1649 519 1672 leqilur
525 1649 544 1666 ι’νι
550 1648 632 1666 Psalmi.
639 1649 690 1667 codd.
698 1649 758 1666 classis
764 1648 791 1665 Al
798 1651 814 1666 εί
820 1648 871 1670 Al13,·
880 1649 899 1666 i'n
906 1649 982 1671 cadd.B,
990 1648 1006 1666 C
1010 1648 1035 1666 in-

86 1671 159 1693 scriptio
171 1671 252 1689 habetur:
264 1677 286 1689 ex
298 1671 374 1689 concilio
383 1672 481 1690 Valentino
493 1672 520 1690 tit.
531 1671 563 1689 lV.

594 1671 602 1684 ¹
614 1672 642 1689 Sic
651 1672 734 1689 Ρι-Ιείιί.
743 1672 794 1689 codd.
801 1677 846 1694 pru.-
857 1677 920 1690 omnes
932 1671 1035 1690 sacerdotes

86 1693 177 1718 praedicti
183 1694 254 1713 concilii
260 1694 295 1712 hoo
301 1695 391 1713 stabiliter
397 1695 492 1718 sancimus„
499 1701 545 1718 quae
551 1695 569 1712 in
575 1694 628 1718 Hisp.
635 1695 723 1718 loquutur.

819 1723 864 1745 26*
