1231 1931
249 89 276 110 14

247 147 284 167 III.
300 147 404 168 Exortatio
417 147 541 168 Constantini
556 150 579 167 ut
590 154 658 168 omnes
669 154 702 167 na-

304 176 369 196 tiones
375 176 427 196 hanc
433 176 492 196 iidem
501 178 581 196 teneant
589 183 648 203 quam
658 176 702 203 ipse

304 205 395 231 suscepit.

246 233 282 253 IV.
304 233 394 258 Qualiter
411 233 552 254 Constantinus
572 233 598 253 sit
618 240 630 253 a
647 233 703 260 lepra

304 261 414 282 mundatus.

570 93 691 112 DECRETA
702 93 864 112 PONTIFICUM

731 147 755 167 V.
770 147 803 167 De
814 147 963 173 consignatione
977 148 1093 174 septiformis
1103 149 1173 175 spiritus

788 176 851 196 suncti
863 175 952 196 adhibita
963 175 1091 197 Constantino
1099 184 1132 204 per
1142 178 1172 198 Sil-

788 207 874 224 vestrum
885 211 963 232 papam.

313 307 406 327 XXXII.
429 307 508 328 Tituli
520 310 601 327 exerta
616 307 730 334 quaedum
745 313 773 327 ex
788 307 945 334 synodalibus
959 308 1034 334 gestis
1049 308 1123 328 saneti

612 336 726 356 Silvestri
740 342 822 362 papae.

205 386 208 389 -
247 375 263 395 I.
279 375 311 396 De
322 383 395 402 magno
407 376 490 396 concilio
502 376 578 396 Niceno
594 378 615 396 et
629 375 654 396 de
665 375 702 396 Ar-

304 404 359 425 riano
377 407 397 424 et
411 405 483 424 Fotino
499 404 627 431 Sabellioque
642 407 702 431 atque

304 433 421 460 sequacibus
439 439 507 453 eorum
524 433 622 453 damnatis
639 435 659 453 et
677 432 702 453 de

304 461 381 488 synodo
393 462 469 482 Romae
480 461 555 486 habits,
568 461 601 481 ubi
614 461 701 481 damnati

305 493 350 510 sunt
361 490 453 515 Calistus,
465 490 536 510 Arrius
547 493 567 510 et
578 490 663 510 Fotinus
674 492 701 510 at-

304 525 343 545 que
354 518 459 539 Sabellius.

247 547 273 567 11.
289 547 317 567 Ut
322 547 387 567 nullus
396 548 459 567 laicus
468 547 542 567 crimen
552 547 623 567 clerico
629 546 702 567 audeat

304 576 376 596 inferre
394 579 413 596 et
427 578 450 596 ut
466 576 551 596 minores
566 576 640 595 nnllam
655 575 702 595 dent

305 605 451 625 accusationem
463 604 558 624 adversus
569 605 658 624 maiores.

247 633 286 652 111.
301 632 355 657 Quot
365 632 449 653 testibus
461 632 564 659 dampnari
576 633 652 660 possint
663 632 701 652 sin-

304 661 347 688 guli
359 661 438 681 ordines
450 661 582 681 ecclesiastici.

247 690 283 710 lv.
298 689 372 714 Quales
384 696 427 710 esse
439 689 524 710 debeant
536 692 597 710 testes
612 692 632 709 et
646 696 701 709 accu-

304 721 385 738 satores.

247 746 272 766 V.
287 746 316 767 Ut
327 746 392 767 nullus
404 747 486 767 clericus
498 747 620 767 examinetur
634 747 655 766 in
667 753 701 773 pu-

303 775 355 795 blico
367 782 433 802 neque
444 776 504 795 intret
512 775 533 795 in
542 775 616 795 curiam
627 782 679 802 quae
688 782 701 795 a

304 810 372 824 cruore
384 803 460 824 dicitur.

247 832 283 852 VI.
299 832 327 852 Ut
338 832 455 852 sacrificinm
467 832 535 852 altaris
548 839 589 852 non
602 832 624 852 in
638 832 700 852 serico

304 867 370 887 penno
382 864 417 881 aut
428 861 489 880 tincto
500 860 615 880 celebretur.

246 889 293 909 vn.
308 889 340 909 De
349 888 472 916 promotione
482 889 603 915 singulorum
609 889 700 909 ordinum

303 917 486 938 ecclesiasticorum.

246 946 305 966 VIII.
323 946 382 971 Quod
394 946 483 974 episcopi
498 953 538 967 non
549 946 589 967 sint
599 946 700 967 lacerandi

303 975 338 995 sed
350 975 463 995 venerandi.

245 1003 283 1023 IX.
298 1003 327 1023 Ut
338 1003 404 1024 nullus
419 1004 516 1030 presbiter
529 1004 599 1023 missas
614 1003 700 1023 celebret

302 1032 341 1052 uisi
352 1032 374 1052 in
385 1033 466 1053 sacratis
477 1032 503 1052 ab
515 1032 608 1059 episcopo
619 1032 673 1052 loeis.

730 375 757 395 X.
773 375 805 395 De
810 375 935 396 revocatione
942 377 1149 396 excommunicatorum
1155 376 1176 396 nd

787 405 945 424 communionem
954 409 974 424 et
982 405 1141 425 restaurationem
1150 412 1178 425 co—

786 439 831 452 rum
851 433 872 452 in
893 433 980 453 ecelesiis
1001 434 1041 453 suis
1062 437 1082 453 et
1101 434 1178 460 qualiter

786 462 927 481 transmarinus
944 461 1003 482 homo
1021 461 1094 482 debeat
1113 462 1179 489 suscipi

787 490 808 509 in
819 490 922 510 clericatus
934 490 1002 516 gradu.

730 547 747 566 ¹·
764 547 1180 602 gyfflsmsf-

788 611 832 624 cum
844 607 923 624 sanctae
934 604 1037 624 Romanae
1048 604 1102 624 sedis
1114 611 1180 631 papam

788 639 828 659 qun
839 632 941 659 postulant
951 632 977 652 ab
989 639 1013 652 eo
1028 632 1067 653 sibi
1083 633 1134 653 mitti
1145 633 1180 659 ple-

786 661 843 680 naria
851 661 922 681 Niceni
931 661 1009 681 concilii
1018 661 1142 688 exemplaria
1149 661 1182 681 sub

787 692 830 709 tuta
841 689 967 716 stipulatione
978 692 998 709 et
1009 689 1065 716 quod
1073 690 1136 710 LXX
1147 690 1182 710 sint

787 718 874 744 capitula
885 718 957 738 Niceni
969 718 1054 738 concilii.

729 774 745 794 1.
759 774 850 801 Epistola
865 775 927 795 Masei
942 781 1006 802 papae
1019 776 1139 796 successuris
1151 775 1184 795 Sil-

786 804 846 823 vestri
857 803 955 830 rescripta
966 803 991 823 de
1005 804 1102 824 missione
1116 804 1183 824 Nioeni

786 832 865 852 concilii
886 832 1016 859 capitulorum
1033 833 1148 853 Anathasio
1167 835 1185 852 et

786 860 878 880 omnibus
889 861 1023 887 Egyptiorum
1035 862 1143 888 episcopis.

728 888 756 908 11.
775 888 834 914 Quod
851 889 942 909 Romana
958 892 978 909 et
997 890 1110 916 apostolica.
1131 889 1185 910 sedes

786 924 894 944 numquam
905 918 1004 938 errwerie.

728 946 767 966 111.
783 946 883 971 Quantum
896 946 1001 967 discrimen
1012 947 1114 967 inmineat
1125 949 1186 974 pasto-

784 975 839 995 ribus
854 976 888 1002 qui
903 976 1006 995 veritatem
1018 975 1097 996 Christi
1112 975 1187 1003 praedi-

786 1010 830 1024 cere
842 1004 955 1030 neglegunt.

445 1077 548 1097 XXXIII.
572 1077 650 1097 Tituli
664 1076 814 1098 decretorum
829 1078 887 1098 Iulii
901 1084 982 1105 papae

246 1118 261 1138 I.
276 1118 308 1138 De
313 1117 354 1138 fide
362 1118 383 1137 in
391 1120 459 1137 sancte
466 1117 556 1137 Romano
565 1120 648 1137 menta
657 1124 701 1137 con-

303 1147 348 1167 cilio
360 1153 373 1166 a
384 1146 497 1166 beatissimo
510 1146 561 1166 Iulio
576 1152 630 1172 papa
641 1149 661 1166 et
671 1152 701 1166 re-

301 1175 362 1202 liquis
373 1181 433 1195 verae
445 1174 491 1194 fidei
503 1181 514 1194 e
515 1175 605 1201 piscopis.

245 1204 273 1224 11.
287 1204 379 1231 Epistola
390 1203 437 1223 Iulii
449 1210 513 1230 papae
528 1203 619 1223 omnibus
631 1203 700 1224 Orien

301 1232 374 1252 talibus
385 1232 482 1259 episcopis
492 1238 531 1259 qua
537 1235 603 1252 mouet
612 1238 647 1252 eos
656 1238 700 1252 esse

302 1261 413 1281 unianimes
430 1264 450 1280 et
467 1267 507 1280 non
523 1260 606 1280 reddere
624 1261 698 1280 malum

303 1296 338 1316 pro
350 1289 408 1309 malo.

245 1319 283 1338 ΙΙΙ.
304 1318 449 1338 Testimonium
466 1317 503 1337 Iob
521 1320 589 1337 contra
610 1324 644 1337 eos
665 1317 699 1344 qui

302 1347 372 1367 frenes
383 1346 476 1373 persequi
488 1353 528 1366 non
539 1349 621 1366 cessant.

245 1375 282 1395 1v.
297 1375 363 1400 Quare
372 1378 441 1395 saneta
449 1374 536 1401 synodus
546 1375 571 1395 sit
580 1377 699 1401 congregata

302 1404 323 1423 iu
335 1404 398 1424 Nicea
410 1406 430 1423 et
442 1403 489 1431 qnid
501 1406 578 1423 statuat

246 1432 270 1452 V.
286 1432 375 1457 Qualiter
386 1432 489 1459 episcopm
504 1432 525 1451 in
539 1431 621 1451 crimine
635 1431 699 1457 pulsa-

302 1463 333 1481 tus
345 1460 436 1481 audiatur
447 1460 480 1480 vel
494 1459 597 1480 damnetur
611 1463 631 1480 et
644 1459 699 1486 quod

302 1490 365 1509 maior
376 1496 389 1509 a
399 1488 470 1509 minori
485 1488 568 1508 iudicari
579 1495 618 1508 non
631 1489 697 1515 possit.

246 1518 282 1538 VI.
297 1518 355 1543 Quod
366 1518 458 1538 Romana
468 1517 557 1543 praelate
569 1517 594 1537 sit
608 1517 698 1537 omnibus

303 1546 406 1566 aecclesiis.

246 1575 291 1595 VH.
306 1575 338 1595 De
350 1578 421 1595 statuto
433 1573 505 1594 Niceni
518 1573 598 1600 synodi,
610 1577 631 1593 ut
644 1581 698 1594 aceu-

302 1606 376 1624 satores
388 1606 408 1623 et
418 1603 552 1623 accusationes
564 1609 613 1629 quus
625 1602 697 1622 saeculi

301 1633 356 1658 leges
371 1638 411 1652 non
426 1632 517 1651 amittunt
531 1634 668 1651 removeantur
685 1638 698 1651 u

301 1660 419 1680 sacerdotali
431 1662 551 1680 nocumento.

729 1117 787 1137 vm.
802 1118 834 1138 De
846 1117 986 1144 dampnatione
1001 1118 1146 1146 episcoporum
1160 1125 1189 1138 ec-

786 1147 896 1166 onsantium
909 1147 1022 1173 episcopum
1031 1147 1114 1174 absque
1127 1150 1190 1167 uncto-

785 1175 843 1195 ritate
855 1175 974 1201 apostolicae
985 1175 1043 1195 sedis.

728 1203 766 1223 IX.
781 1203 810 1223 Ut
816 1206 889 1223 statuta
894 1204 1027 1230 apostolorum
1035 1204 1140 1225 inviolata
1149 1211 1191 1231 per-

784 1235 877 1252 maneant
887 1235 906 1252 et
915 1232 968 1259 quod
976 1233 1028 1252 inter
1036 1233 1146 1260 apostolos
1155 1233 1192 1253 fuit

784 1260 883 1287 quaedam
894 1260 985 1281 discretio
997 1262 1112 1287 potestatis.

727 1289 754 1309 X.
763 1289 855 1315 Epistola
864 1289 994 1310 Orientalium
1003 1289 1144 1310 Atrianorum
1153 1291 1192 1316 cpi-

784 1324 887 1344 scoporum
900 1317 925 1337 nd
936 1318 1010 1337 Iulium
1022 1325 1107 1345 papam.

786 1346 878 1373 Epistola
897 1346 1014 1366 sanctissimi
1032 1346 1084 1367 Iulii
1104 1347 1193 1368 Romani

784 1375 929 1401 archiepiscopi
961 1375 1056 1401 rescripta
1093 1376 1193 1399 Eusebio,

785 1403 871 1429 Theogn
872 1403 900 1427 io,
924 1403 1040 1428 Theodoro.
1061 1404 1155 1425 Bes-into
1176 1408 1196 1424 et

784 1432 864 1458 reliquis
882 1418 1016 1453 Orientalibus
1029 1433 1140 1460 episeopis
1156 1433 1195 1453 cul—

784 1467 834 1486 pans
846 1466 880 1480 eos
891 1459 944 1487 quod
955 1460 1095 1481 Athanasium
1109 1465 1132 1482 et
1143 1462 1196 1482 Pan

783 1489 825 1508 lum
848 1491 975 1515 caeterosque
998 1496 1101 1516 sequaces
1125 1497 1196 1510 eorum

784 1517 859 1544 absque
877 1517 929 1537 sedis
950 1518 1074 1544 apostolieae
1099 1519 1197 1539 consultu

783 1545 877 1566 damnate
884 1549 903 1566 et
909 1553 922 1565 a
930 1546 1015 1573 propriis
1021 1546 1110 1567 sedibus
1118 1548 1197 1574 pellere

784 1577 852 1595 contra
861 1575 975 1595 canonicam
987 1582 1151 1603 praesumpsero
1164 1583 1198 1597 eu-

784 1603 898 1623 ctoritatem.

728 1346 766 1366 XI.

726 1631 775 1651 XII.
791 1631 884 1658 capitula
895 1631 968 1652 Nieeni
983 1632 1062 1652 concilii
1081 1633 1199 1660 quaedam.

726 1660 786 1679 XIII.
802 1660 843 1680 Gur
854 1660 912 1687 plura
926 1660 998 1681 Niceni
1012 1661 1099 1682 concilii
1117 1662 1154 1683 hic
1170 1663 1200 1682 in-
